3390 5178
322 359 386 424 194
571 359 612 412 De
631 357 752 428 Operum
770 358 895 412 versibus
915 359 951 413 ab
971 358 1095 427 antiquis
1113 359 1245 415 laudatis.
1443 442 1451 491 Ι

321 521 493 587 Consentit
512 522 613 607 igitur
637 544 786 607 semper
804 543 877 586 cum
895 522 989 587 libris
1009 522 1140 607 optimis
1159 522 1327 588 Hesiodeis
1345 545 1496 610 papyrus,

320 630 377 694 ubi
401 652 496 715 quam
523 629 661 693 maxime
684 629 849 714 recedunt,
873 630 929 713 qui
952 630 1008 694 alii
1029 652 1142 695 versus
1164 629 1309 716 landant3
1339 629 1396 694 ubi
1418 652 1493 695 vero

320 759 386 800 non
409 737 595 820 conspirant
625 759 767 820 papyrus
799 736 952 822 librique,
979 737 1042 801 loci
1070 740 1146 801 sunt
1168 736 1302 801 minoris
1331 737 1496 822 momenti,

321 843 439 928 quibus
463 843 568 928 spatio
592 865 782 930 permagno,
806 842 892 927 quod
914 844 1062 929 interest,
1092 847 1201 927 aperte
1223 847 1333 908 textus
1355 865 1495 908 commu-

319 954 407 1015 tatus
426 954 490 1036 est3
513 950 596 1014 nihil
614 950 699 1014 inest
721 949 828 1014 variae
845 950 994 1016 lectionis
1013 952 1125 1015 instar.
1166 947 1280 1034 Itaque
1297 971 1364 1015 non
1381 972 1493 1014 unum·

319 1079 478 1141 quemque
500 1057 597 1121 huius
628 1057 704 1121 libri
734 1079 862 1121 versum
890 1057 1050 1142 tractabo,
1082 1057 1138 1122 sad
1166 1079 1221 1121 eos
1243 1057 1345 1141 locos,
1376 1056 1494 1140 quibus

318 1164 510 1250 pugnabunt
550 1168 650 1227 testes
691 1185 764 1227 111111
801 1163 966 1228 codicibus
1004 1163 1056 1228 vel
1092 1163 1179 1228 aliud
1220 1162 1298 1247 quid
1337 1163 1494 1249 intererit,

319 1293 487 1354 apponam.

407 1377 528 1443 Versus
552 1376 617 1441 252
646 1381 679 1442 11
702 1376 767 1442 253
796 1378 889 1442 affert
912 1376 1059 1443 Clemens
1082 1378 1118 1442 in
1139 1376 1299 1461 Protrept.
1318 1375 1350 1441 H
1367 1401 1398 1462 p.
1417 1376 1495 1442 35Ρ

319 1482 420 1572 (142,
441 1483 560 1571 7Dd.);
591 1506 700 1569 quem,
732 1506 805 1548 cum
827 1506 894 1549 non
916 1485 1021 1549 obiter
1053 1487 1280 1549 commemoret
1307 1483 1494 1564 Hesiodum,

318 1592 373 1656 sed
395 1594 466 1655 toto
490 1591 547 1655 illo
566 1591 638 1655 loeo
662 1591 765 1655 fusius
784 1613 856 1655 cum
875 1614 913 1655 eo
936 1591 1080 1676 disputet
1098 1613 1175 1656 usus
1194 1591 1391 1676 apostropha
1414 1613 1495 1675 quae

317 1702 460 1782 vocatur,
484 1720 553 1762 eam
573 1698 614 1761 ob
638 1720 706 1761 rem
724 1720 791 1762 non
810 1699 878 1762 sine
897 1698 1066 1785 diligentia
1085 1698 1193 1782 aliqua
1215 1720 1327 1763 versus
1349 1697 1496 1762 laudasse

318 1807 462 1870 dixerim.
515 1803 546 1869 A
575 1828 638 1890 quo
669 1809 827 1889 quantum
860 1805 1012 1869 differunt
1044 1802 1162 1869 Sextus
1193 1805 1377 1888 Empiricus
1411 1801 1494 1892 (cdv.

318 1913 469 1977 matham.
487 1911 543 1996 IX,
563 1912 619 2000 863
637 1935 667 1997 p.
687 1912 751 1976 411
772 1910 888 2000 Beklr.)
908 1916 941 1976 et
959 1911 1119 1977 Maximus
1138 1911 1256 1997 Tyrius
1275 1908 1335 1999 (or.
1354 1910 1442 1998 XIV,
1461 1912 1495 1997 83

317 2044 347 2104 p.
366 2019 410 2084 55
428 2017 582 2106 Duebn.)!
619 2018 717 2084 Illum
739 2020 804 2084 iam
821 2020 990 2106 novimus,
1018 2020 1075 2084 ubi
1099 2019 1137 2083 de
1159 2042 1189 2084 1.
1215 2018 1278 2083 125
1302 2019 1427 2103 egimus
1452 2017 1494 2106 (v.

317 2150 347 2211 p.
360 2125 452 2213 180);
469 2148 573 2210 neque
586 2125 649 2213 hic,
663 2126 714 2189 cui
728 2124 807 2190 fides
820 2126 978 2191 habeatur
993 2131 1042 2190 est
1057 2126 1193 2212 dignior.
1212 2125 1350 2209 Utrique
1364 2125 1494 2189 libitum

317 2233 468 2297 hocloco
489 2236 537 2295 est
555 2254 614 2316 pro
636 2232 743 2297 verbis
758 2233 941 2298 tritioribus
961 2234 1100 2298 scribere
1118 2234 1254 2297 rariora:
1292 2229 1381 2296 Sexti
1400 2235 1495 2319 μερό-

317 2361 390 2405 πων
413 2362 472 2423 pro
495 2346 631 2422 θνητῶν
655 2339 852 2424 Maximique
875 2343 1038 2427 πρόπολοι
1065 2363 1125 2424 pro
1148 2341 1294 2423 φύλακες
1316 2339 1424 2423 posita
1447 2361 1496 2423 sy-

317 2468 458 2530 nonyma
477 2450 562 2530 sunt,
579 2446 662 2509 nihil
681 2445 776 2510 aliud.
809 2446 922 2531 Neque
942 2447 1117 2532 quidquam
1135 2447 1217 2511 lucri
1236 2451 1341 2512 estex
1360 2446 1495 2511 Eusebii

317 2576 461 2639 praepar.
484 2575 594 2640 evang.
620 2552 668 2618 IV
689 2553 728 2617 17
748 2577 779 2638 p.
801 2552 1124 2642 1651(11961)(1.);
1161 2552 1215 2620 καὶ
1244 2555 1279 2619 οί
1306 2555 1494 2640 τρισμύριοι

319 2663 464 2745 φύλακες
482 2663 637 2747 μερόπων
658 2661 863 2747 dempsterus,
881 2684 957 2726 nam
971 2660 1025 2726 κοιὶ
1045 2663 1080 2727 οί
1095 2663 1284 2748 τρισμύριοι
1303 2665 1379 2725 sunt
1398 2661 1495 2725 verba

317 2768 420 2852 ipsius
452 2768 585 2832 Eusebii
618 2788 677 2832 nec
709 2790 781 2832 oum
805 2768 1014 2852 sequentibus
1039 2768 1271 2853 coniungenda,
1301 2771 1339 2831 ut
1368 2788 1494 2832 versum

318 2876 468 2960 efficiant,
487 2875 543 2958 qui
558 2874 661 2939 adhuc
674 2875 795 2960 legitur
810 2876 842 2938 in
858 2875 1062 2940 editionibus
1105 2873 1227 2940 Contra
1244 2896 1328 2939 unus
1348 2872 1494 2938 Clemens

317 2983 391 3066 plus
405 2982 491 3047 valet
510 2982 616 3046 tribus
636 2981 734 3047 Sexto
753 2982 895 3047 Maximo
915 2982 1068 3047 Eusebio.
1104 2981 1191 3047 Nam
1209 2982 1326 3047 summi
1345 2982 1495 3065 ponderis

317 3094 377 3176 est,
400 3088 486 3172 quod
508 3087 640 3152 exhibet
662 3111 690 3152 v.
711 3087 777 3152 253

407 3196 595 3279 δαίμονες
618 3194 811 3259 ἀθάνατοι
835 3197 980 3279 φύλακες
1004 3198 1183 3283 μερόπων
1207 3193 1405 3283 ἀνθρώπων.

318 3300 431 3386 Neque
453 3323 513 3365 nos
532 3305 651 3365 temere
670 3324 768 3385 supra
787 3302 926 3367 diximus
947 3324 1086 3367 errorem
1105 3303 1156 3366 vel
1173 3302 1410 3389 neglegentiam
1427 3324 1493 3368 non

318 3409 451 3473 subesse
469 3408 538 3471 eius
556 3407 677 3494 verbis3
695 3429 771 3472 nam
790 3431 849 3473 sua
866 3409 936 3492 ipse
955 3410 1124 3474 confirmat
1141 3409 1301 3492 Protrept.
1321 3409 1351 3473 X
1369 3433 1399 3493 p.
1415 3407 1494 3473 811³

318 3514 349 3603 (Ι
370 3514 443 3597 105,
462 3512 603 3601 21111111
627 3513 698 3602 πρὶς
720 3517 783 3603 γὰρ
807 3518 925 3603 μύριοί
945 3520 1045 3599 είσιν,
1074 3518 1118 3593 ὡς
1141 3515 1290 3600 ἀληθῶς,
1314 3514 1367 3581 ἐπὶ
1390 3513 1490 3600 χθονὶ

317 3625 560 3708 πουλυβοτείρῃ
590 3622 745 3706 δαίμονες
774 3622 835 3688 οὐκ
863 3624 1029 3688 ἀθάνατοι
1059 3619 1138 3687 οὐδὲ
1167 3623 1233 3707 μὴν
1262 3620 1383 3705 θνητοὶ
1413 3617 1493 3686 οὐδὲ

319 3732 381 3818 γὰρ
405 3732 603 3813 αἰσθήσεως,
626 3730 682 3794 ἵνα
707 3728 761 3795 καὶ
787 3729 938 3795 θανάτου
959 3730 1204 3814 μετειλήφασιν,
1226 3733 1354 3794 λίθινοι
1374 3724 1493 3792 11ωὲ.

318 3836 387 3902 lam
410 3860 482 3902 curn
506 3838 661 3920 δαίμονες
688 3837 777 3901 varia
798 3837 893 3901 lectio
917 3835 1063 3901 stabilita
1085 3836 1143 3922 sit,
1174 3836 1262 3899 vides
1295 3835 1351 3918 qui
1373 3834 1493 3898 factum

318 3946 375 4029 sit,
402 3948 439 4009 ut
462 3967 490 4008 v.
514 3941 581 4007 254
590 3964 636 4026 sq.
663 3943 879 4007 insererentur
910 3946 985 4025 post
1009 3965 1036 4006 v.
1063 3943 1140 4026 123,
1169 3943 1225 4026 qui
1253 3941 1344 4006 locus
1377 3944 1426 4005 est
1456 3939 1494 4003 de

318 4051 536 4115 daemonibus.
583 4048 645 4114 Sed
672 4050 765 4113 redeo
794 4049 834 4114 ad
860 4071 889 4114 r.
908 4048 982 4113 252.
1028 4048 1094 4114 Ubi
1121 4070 1161 4113 ne
1188 4046 1334 4113 Clemens
1364 4046 1493 4130 quidem

318 4156 477 4239 discrepat
500 4177 572 4219 cum
591 4155 685 4219 libris
708 4156 849 4240 vulgatis
869 4153 1004 4220 Hesiodi
1027 4155 1078 4220 vel
1096 4154 1235 4219 testibus
1253 4153 1397 4240 reliquis,
1420 4174 1493 4217 cum

319 4260 359 4325 ad
382 4282 482 4325 unum
504 4282 615 4325 omnes
635 4260 807 4326 exhibeant
831 4260 902 4348 τρὶς
924 4263 988 4348 γὰρ
1006 4262 1121 4348 μύριοι
1143 4267 1223 4346 ιιτλ.;
1247 4264 1281 4325 at
1303 4281 1387 4324 unns
1410 4258 1494 4323 liber

319 4372 416 4451 atque
439 4368 467 4431 is
492 4368 633 4451 optimus
655 4389 797 4452 papyrus
820 4366 850 4431 A
873 4367 1006 4451 praebet
1029 4393 1116 4453 τρεις
1139 4365 1194 4453 (ex
1222 4363 1406 4453 iotacismo)
1429 4367 1493 4452 γὰρ

319 4477 450 4556 χίλιοι.
501 4472 685 4538 Permultus
716 4474 779 4538 tuit
815 4476 850 4539 in
882 4474 943 4538 hac
971 4475 1108 4539 lectione
1144 4474 1303 4538 laudanda
1331 4472 1492 4538 Raachius
