3366 5168
474 321 516 376 De
534 320 691 377 Aristarchi
709 322 739 377 in
757 321 911 378 Hesiodum
930 326 1144 382 commentariis.
1330 331 1394 395 119

219 482 294 569 aad,
317 489 430 550 contra
451 484 630 550 Parisinus:
651 482 886 573 Ἀργειφόντης
903 490 993 576 παρὰ
1011 490 1048 554 τὸ
1068 488 1217 577 ἐναργεῖς
1235 494 1292 570 τὰς
1310 517 1394 576 φαν-

219 595 334 669 τασίας
359 602 483 677 ποιεῖν,
515 593 560 668 ὥς
592 607 696 676 φησιν
719 589 900 671 Ἀλεξίων
931 593 995 660 καὶ
1023 589 1174 683 Ἀρχίας
1205 596 1268 662 καὶ
1296 597 1393 686 Ἀρί-

220 715 400 786 σταρχος;
424 702 456 763 et
478 699 514 762 in
536 703 674 783 utroque
692 698 777 764 libro
801 697 898 787 (Gud.
921 723 950 785 p.
972 701 1025 787 71,
1037 701 1095 786 41,
1117 701 1209 767 Paris
1222 703 1243 768 l.
1257 703 1292 792 l)
1316 706 1393 791 legi-

219 809 288 870 tur:
304 801 552 893 Ἀργειφόντης.
571 807 660 892 παρὰ
678 807 716 870 τὸ
735 805 888 893 ἐναργεῑν
907 804 992 893 (lege
1005 844 1047 853 -
1062 805 1125 895 είς)
1139 810 1197 886 τὰς
1209 816 1394 893 φαντασίας

219 922 338 977 ποιεῖν.
393 911 516 988 οὑτως
546 905 666 997 εὑρον
698 911 736 977 ἐν
766 914 950 998 ὑπομνήσει
980 911 1148 979 Ἡσιόδου.
1204 914 1283 981 Post
1315 917 1393 983 haec

219 1017 369 1082 omnibus
400 1016 481 1082 locis
513 1018 691 1083 afferuntur
724 1019 902 1084 sententiae
935 1019 1072 1084 aliorum
1102 1023 1393 1109 grammaticorum,

217 1122 306 1188 velut
332 1122 466 1209 Didymi
492 1128 524 1189 et
552 1124 744 1209 Tryphonis.
793 1124 893 1190 Recte
921 1147 993 1191 oum
1022 1126 1091 1191 sine
1114 1126 1212 1193 dubio
1236 1128 1392 1195 vidissent

217 1230 430 1295 Waeschhius
464 1234 496 1295 et
526 1229 677 1295 Flachius
709 1230 783 1296 illas
814 1231 893 1296 duas
926 1233 1101 1298 sententias
1134 1255 1173 1297 ex
1205 1256 1270 1299 uno
1302 1236 1392 1301 fonte

217 1337 419 1424 profluxisse,
441 1336 496 1402 illc
519 1338 717 1423 approbante
740 1336 872 1403 Flachio
895 1339 981 1404 hunc
999 1340 1034 1404 in
1052 1339 1183 1405 modum
1202 1341 1392 1425 disputarit:

217 1445 252 1508 in
275 1444 414 1528 quadam
435 1444 619 1529 ὑπομνήσει
642 1445 742 1509 fuisse
765 1444 839 1510 illas
862 1443 1030 1510 Alexionis
1054 1444 1191 1511 Archiae
1209 1445 1392 1513 Aristarchi

218 1549 407 1635 sententias3
434 1551 524 1615 cuius
554 1551 631 1616 libri
655 1553 711 1636 qui
734 1555 845 1617 auctor
869 1555 967 1637 esset,
994 1574 1054 1617 nos
1077 1553 1206 1637 quidem
1228 1554 1391 1642 ignorara3

218 1656 273 1721 sed
300 1656 338 1720 da
366 1654 487 1721 Archia
514 1657 565 1721 vel
591 1656 629 1722 de
656 1655 814 1723 Alexione
841 1680 914 1723 oum
940 1659 1005 1723 talo
1034 1658 1208 1743 quidquam
1235 1661 1391 1726 traditum

216 1785 284 1828 non
306 1766 391 1828 esset
409 1761 458 1851 (at
477 1763 515 1828 de
534 1762 761 1851 Aristarchol)
778 1785 882 1849 neque
901 1769 995 1853 esset,
1017 1787 1073 1830 our
1092 1765 1240 1831 alterutri
1258 1767 1291 1830 id
1309 1789 1391 1851 opus

218 1869 483 1957 adscriberemus,
510 1871 580 1936 fieri
606 1870 780 1936 verisimile
804 1872 991 1955 ὑπόμνησιν
1018 1873 1231 1956 conscriptam
1259 1895 1327 1937 esse
1350 1874 1390 1939 ab

216 1976 420 2060 Aristarcho,
452 1976 491 2042 ad
520 1985 615 2062 quem
639 1976 824 2042 duceremur
851 1978 923 2043 aliis
952 2000 1081 2063 quoque
1108 1980 1307 2064 argumentis
1337 1978 1391 2067 (de

217 2083 334 2168 quibus
355 2082 493 2171 postea).
540 2082 627 2160 Quae
651 2083 810 2149 sententia
833 2084 993 2168 quomodo
1016 2084 1146 2150 tandem
1164 2086 1272 2169 potuit
1291 2088 1391 2151 omni·

216 2191 277 2255 bus
295 2189 439 2274 probari!
475 2189 568 2255 Unus
586 2190 734 2274 idemque
752 2194 864 2256 auctor
878 2190 1097 2277 Etymologioi
1112 2190 1250 2257 Gudiani
1263 2192 1390 2258 duobus

215 2298 295 2362 locis
322 2318 420 2381 parvo
452 2297 557 2381 spatio
585 2296 782 2362 distantibus
810 2298 878 2383 agit
906 2297 945 2362 de
972 2299 1082 2362 eadem
1110 2321 1158 2384 τος
1186 2299 1287 2364 altero
1317 2299 1389 2365 loco

215 2404 338 2488 profert
368 2404 559 2467 sententiam
587 2403 741 2488 aliquam,
769 2426 865 2487 quam
894 2404 972 2469 dicit
999 2404 1106 2471 tribus
1130 2427 1149 2469 a
1171 2406 1390 2491 grammaticis

217 2533 286 2575 esse
318 2510 574 2596 pronuntiatam,
605 2508 762 2575 Alexione
789 2508 910 2575 Archia
944 2509 1149 2595 Aristarcho,
1182 2512 1282 2577 altero
1318 2511 1389 2577 loco

215 2616 345 2682 eandem
370 2616 562 2681 sententiam
585 2636 658 2680 cum
680 2616 863 2700 protulerit,
885 2616 1057 2681 confitetur
1080 2638 1150 2681 eam
1174 2639 1212 2682 se
1230 2618 1389 2683 invenisse

215 2725 250 2788 in
272 2722 463 2807 hypomncsi
485 2719 627 2786 Hesiodi.
673 2719 790 2786 Nonne
813 2721 884 2786 luce
906 2722 1023 2787 clarius
1047 2726 1096 2787 est
1119 2745 1193 2788 eum
1214 2723 1284 2789 hac
1306 2725 1389 2810 ipsa

214 2829 249 2893 in
272 2828 464 2913 hypomnesi
486 2827 647 2892 invenisse
669 2827 759 2892 illam
783 2828 975 2893 sententiam
998 2827 1129 2894 illorum
1146 2830 1266 2896 trium
1285 2852 1388 2917 gram-

214 2934 427 3000 maticorum?
449 2932 595 2999 Hancine
618 2955 693 2998 vero
712 2933 934 3020 hypomnesin,
953 2934 988 2998 in
1006 2957 1070 3019 qua
1087 2933 1255 3001 Alexionis
1278 2940 1311 3001 et
1328 2935 1388 3001 Ar·

215 3042 305 3107 chiae
329 3041 507 3107 sentcntiae
529 3040 652 3106 mentio
675 3040 760 3106 faeta
783 3044 842 3126 est,
864 3040 1045 3107 Aristarchi
1064 3044 1146 3106 esse!
1184 3041 1285 3121 Quem
1303 3064 1387 3109 anno

214 3153 288 3215 ante
317 3146 391 3214 Chr.
418 3171 450 3214 n.
477 3149 544 3213 fere
569 3146 633 3212 144
665 3147 730 3213 iam
762 3151 926 3213 mortuum
959 3170 1030 3213 esse
1055 3148 1230 3215 verisimile
1258 3154 1307 3215 est
1334 3149 1386 3238 (of.

215 3255 251 3322 G.
274 3255 407 3321 Buschii
430 3255 468 3320 de
490 3254 640 3320 biblioth
663 3253 836 3321 Alexandr.
860 3256 916 3341 qui
938 3256 1058 3320 lirerint
1081 3256 1195 3340 primis
1217 3280 1247 3341 p.
1262 3256 1388 3345 50sq.),

214 3385 286 3427 oum
308 3362 499 3428 Alexionem
522 3367 554 3427 et
572 3360 726 3426 Archiam
744 3365 870 3428 constet
889 3363 1015 3428 saeculo
1034 3362 1139 3447 primo
1158 3366 1246 3447 post
1264 3360 1338 3428 Chr.
1355 3383 1386 3428 n

214 3467 403 3556 floruisse1).
457 3468 503 3533 llt
535 3490 599 3533 uno
633 3469 725 3553 quasi
757 3469 875 3552 spiritu
906 3469 1080 3553 productae
1112 3472 1291 3553 sequuntur
1319 3491 1387 3535 sen-

213 3576 333 3640 tentiae
356 3575 493 3640 aliorum
511 3575 803 3660 grammaticorum,
821 3575 1015 3662 Tryphonis,
1033 3575 1175 3663 Didymi,
1197 3580 1234 3641 ut
1256 3575 1329 3642 illas
1352 3576 1387 3642 in

215 3682 341 3746 eadem
367 3681 559 3765 hypomncsi
581 3681 742 3747 invenisse
765 3687 928 3747 auctorem
951 3681 1172 3767 Etymologici
1193 3704 1322 3747 necesse
1343 3683 1387 3747 sit

214 3787 386 3852 credamus.
440 3785 573 3853 Accedit
606 3787 706 3874 aliud,
739 3788 824 3872 quod
861 3786 1010 3852 scholia
1041 3787 1126 3851 dicta
1156 3808 1225 3852 esse
1256 3788 1386 3853 nomine

213 3894 448 3978 hypomneseos
467 3894 508 3958 ab
523 3897 652 3959 auctore
665 3891 886 3977 Etymologici
899 3892 974 3956 licet
988 3891 1054 3957 fere
1067 3892 1153 3956 nube
1167 3892 1386 3977 exemplorum

214 4000 429 4086 comprobare.
480 3997 511 4065 S,
539 4022 568 4065 v.
596 4001 679 4064 αίὺῶ
707 3998 815 4083 Etym.
844 3996 951 4084 Magn.
979 4021 1009 4082 p.
1034 3997 1090 4085 30,
1113 3998 1157 4063 40
1186 4000 1284 4064 verba
1311 4004 1385 4065 ante

304 4267 331 4334 1)
349 4262 481 4319 Archiam
499 4261 620 4318 tradidit
638 4262 739 4318 Suidas
758 4262 845 4319 luisse
863 4262 1030 4334 magistrum
1047 4262 1242 4335 Epaphroditi,
1261 4263 1386 4332 quierat

214 4353 307 4409 Nerva
325 4354 453 4424 regcnta3
472 4351 572 4407 Alexio
590 4351 743 4406 secundum
761 4352 940 4408 Ammonium
957 4371 984 4423 p.
998 4358 1032 4407 35
1046 4351 1145 4408 Valclr.
1159 4352 1275 4423 Didymi
1293 4351 1384 4423 operis

214 4443 351 4512 σνμμιιιτοί
370 4440 492 4498 confecit
509 4439 659 4512 epitomen.
