3390 5178
486 294 529 350 De
549 296 671 366 Operum
689 295 815 350 versibus
835 295 870 349 ab
891 296 1014 364 antiquis
1032 297 1164 352 laudatis.
1355 299 1416 362 167

241 459 306 523 279
329 457 423 523 Dind.
456 462 594 543 utroque
626 460 698 524 loco
731 462 768 522 ut
795 460 1063 547 παρῳδούμενον.
1120 458 1182 535 Qui
1213 483 1286 525 cum
1314 462 1416 527 altero

240 566 312 630 loco
337 565 457 649 optime
481 567 662 631 consentiat
686 587 758 630 cum
781 565 875 630 libris
898 564 1076 651 Hesiodeis,
1099 567 1201 632 altero
1225 574 1332 633 tamen
1355 593 1414 654 pro

239 672 335 736 initio
358 693 470 736 versus
490 668 572 750 αἶψά
595 697 631 738 κε
650 672 800 736 exhibeat
819 672 1032 759 adriaequod
1052 677 1084 736 et
1102 674 1210 757 ipsum
1228 676 1263 738 in
1283 676 1414 740 scholiis

241 779 488 843 Monacensibus
509 780 649 844 occurrit
672 778 744 865 (γρ.
764 780 881 844 αὐτίκα
900 780 1074 843 secundum
1097 779 1276 845 Usenerum
1299 781 1413 847 Rhein.

239 884 320 950 Mus.
343 884 438 949 XXII
461 908 491 968 p.
510 884 606 970 591),
638 890 772 970 apparet
803 886 887 950 hanc
918 886 1106 950 varietatem
1138 887 1222 951 nihil
1254 909 1323 953 esse
1351 890 1415 953 nisi

238 992 411 1056 memoriae
433 992 560 1077 lapsum
583 993 635 1057 vel
658 993 876 1057 coniecturam
900 992 1066 1057 cniusdam
1087 993 1223 1078 librarii,
1248 996 1303 1078 qui
1326 996 1413 1060 initii

237 1093 319 1176 αἶψά
342 1122 378 1163 us
407 1099 624 1184 copulativam
646 1100 713 1164 vim
734 1121 801 1164 non
828 1100 1041 1185 perspexerit,
1074 1122 1171 1184 quam
1203 1102 1411 1168 desiderabat.

236 1203 324 1270 Idem
359 1207 575 1271 recentiorum
604 1228 731 1291 quoque
760 1212 836 1271 sunt
864 1207 920 1291 qui
948 1207 1138 1292 erraverint,
1165 1208 1201 1272 in
1226 1209 1278 1273 his
1303 1208 1412 1274 Goett-

235 1311 371 1398 lingiuS,
399 1314 490 1377 cuius
518 1315 702 1379 coniectura
729 1309 811 1392 αἶψά
838 1338 873 1379 τε
896 1314 1061 1397 uacarios
1090 1338 1148 1379 κεν
1178 1315 1302 1379 deletur
1332 1317 1412 1380 illud

237 1417 309 1502 μέν,
334 1419 420 1503 quod
438 1421 604 1504 aptissime
622 1421 795 1505 respondet
814 1421 1023 1504 subsequenti
1042 1420 1093 1506 ds'3
1117 1443 1198 1505 quos
1217 1426 1329 1486 contra
1347 1423 1410 1486 iarn

235 1525 439 1591 Hermannus
464 1528 585 1611 optime
608 1528 767 1612 pugnavit
791 1550 840 1611 op.
860 1526 907 1591 Vl
926 1551 956 1611 p.
976 1527 1050 1591 223.
1070 1566 1114 1574 -
1137 1527 1259 1592 Versus
1277 1527 1320 1591 46
1344 1529 1411 1592 lau-

236 1633 331 1697 datur
358 1633 399 1697 ab
426 1655 492 1698 uno
521 1633 696 1699 Eustathio
721 1634 764 1698 ad
784 1632 897 1718 Odyss.
916 1658 947 1718 p.
968 1633 1063 1698 1650.
1085 1634 1102 1697 7
1127 1640 1260 1719 propter
1283 1657 1410 1700 sensum

234 1761 350 1804 vocum
373 1743 453 1825 ἔργα
476 1745 573 1825 βοῶν.

323 1845 446 1912 Versus
465 1847 508 1912 48
531 1869 598 1912 non
622 1848 755 1912 affertur
777 1848 817 1911 ab
836 1848 904 1911 ullo
924 1852 1068 1932 auctore,
1091 1848 1318 1912 nihilominus
1338 1871 1409 1913 eum

233 1953 296 2018 hoc
331 1954 403 2019 loco
435 1955 601 2041 tractabo,
637 1976 710 2019 cum
741 1955 777 2018 in
812 1977 848 2019 eo
881 1955 1053 2019 manifesto
1091 1955 1240 2020 lectionis
1271 1957 1409 2020 varietas

232 2061 419 2144 reperiatur.
470 2059 561 2126 Libri
590 2084 665 2126 sane
691 2083 759 2127 non
787 2061 982 2148 discrepant,
1009 2084 1083 2125 nam
1106 2063 1335 2147 ἀγκυλομήτης
1359 2086 1409 2128 ex-

233 2166 325 2231 hibet
347 2167 388 2252 D,
411 2165 646 2254 ἄγκυλομητις
669 2169 738 2234 sine
761 2172 894 2234 accentu
918 2166 958 2254 O,
981 2169 1067 2253 quod
1090 2169 1174 2233 idem
1197 2173 1260 2255 est,
1284 2171 1407 2234 simodo

232 2278 377 2339 tenemus
413 2275 583 2340 librarium
619 2276 712 2340 illum
749 2298 788 2340 ex
824 2276 994 2340 iotacismo
1031 2277 1215 2360 saepissime
1251 2276 1405 2341 laborare.

232 2378 325 2455 Quod
355 2381 418 2445 hoc
450 2403 578 2466 quoque
608 2382 680 2447 loco
713 2383 835 2446 factum
862 2405 932 2446 esse
960 2405 997 2446 eo
1025 2383 1063 2445 fit
1091 2383 1306 2466 probabilius,
1334 2404 1407 2446 cum

232 2486 314 2550 alter
344 2486 512 2551 Parisinus
535 2487 637 2571 2773,
670 2489 726 2572 qui
754 2489 880 2552 etiamsi
908 2488 1026 2552 codicis
1055 2488 1234 2553 Messeniae
1266 2488 1406 2552 familiae

200 2573 203 2582 Ι
232 2596 294 2676 est,
322 2615 416 2677 saepe
445 2597 554 2657 tamen
578 2615 595 2656 e
618 2591 643 2657 G
667 2592 784 2685 pendet
807 2594 841 2657 in
864 2594 1016 2658 correctis
1039 2595 1242 2679 lectionibus,
1266 2595 1405 2677 ἀγκυλο-

231 2698 336 2783 μήτις
359 2699 510 2764 exhibeat
533 2700 642 2765 eadem
660 2723 759 2764 manu
776 2701 812 2765 in
829 2700 1058 2785 ἀγκυλομήτης
1076 2705 1263 2766 correctum.
1302 2701 1405 2784 Supra

231 2810 339 2871 tamen
370 2807 508 2872 vidimus
541 2806 802 2873 Choeroboscum
839 2808 877 2872 de
914 2807 1079 2873 vocabulis
1116 2807 1336 2891 ἀγκυλόμητις
1373 2812 1405 2871 et

230 2917 507 2998 ποικιλόμητις
533 2915 631 2979 verba
653 2915 772 3001 facere,
795 2915 885 2979 cuius
908 2914 1144 2978 dissertationis
1168 2915 1314 2998 exempla
1336 2915 1404 2979 veri

231 3021 440 3105 simillimum,
455 3043 493 3086 ex
507 3022 670 3086 veteribus
684 3022 816 3086 scholiis
831 3044 900 3086 esse
914 3022 1030 3086 hausta
1045 3025 1141 3086 estet
1155 3023 1239 3105 apud
1252 3021 1404 3086 Proclum

229 3126 439 3194 Plutarchum
458 3129 613 3194 disserere
632 3129 670 3193 de
688 3129 894 3213 praeferenda
907 3128 1292 3212 lectionedyxvlopdrqg
1310 3129 1403 3193 elteri

228 3239 464 3321 ποικιλόμητις.
514 3234 560 3299 lit
589 3236 617 3300 si
645 3236 703 3300 illo
726 3237 798 3301 loco
821 3237 902 3300 bene
925 3236 1170 3322 disputavimus,
1192 3235 1402 3300 Plutarchum

229 3342 264 3404 in
300 3364 358 3406 suo
396 3342 569 3425 exemplari
600 3347 828 3427 ποικιλόμητις
859 3342 976 3427 legisse
1006 3364 1136 3407 necesse
1168 3348 1224 3408 est.
1288 3342 1402 3427 ltaque

228 3447 377 3511 lectionis
400 3448 539 3512 varietas
563 3452 612 3512 est
635 3449 812 3513 statuenda.
829 3487 870 3496 —-
885 3448 1024 3513 Versum
1038 3448 1080 3513 53
1101 3471 1173 3514 cum
1192 3450 1401 3534 sequentibus

229 3553 450 3638 undetriginta
486 3554 630 3618 laudavit
667 3552 821 3639 Origenes
854 3556 889 3618 in
920 3555 1006 3619 libro
1032 3555 1089 3619 IV.
1123 3560 1235 3619 contra
1271 3553 1401 3620 Celsum

230 3658 321 3747 (tom.
340 3658 418 3724 XIX
436 3684 466 3744 p.
481 3659 524 3725 58
543 3659 691 3748 Lomm.),
709 3661 856 3745 idemque
874 3662 984 3725 eodem
1001 3662 1073 3725 loco
1092 3683 1219 3726 versum
1238 3661 1281 3726 90
1299 3684 1401 3745 usquo

229 3767 268 3830 ad
290 3789 319 3830 v.
339 3767 390 3831 98.
441 3766 533 3842 Quod
560 3767 719 3851 imprimis
748 3750 817 3831 eani
846 3768 886 3831 ob
914 3790 982 3831 rem
1004 3768 1131 3851 insigne
1155 3772 1217 3851 est,
1241 3768 1326 3855 quod
1349 3772 1400 3832 tot

228 3895 339 3937 versus
371 3895 437 3937 non
470 3878 519 3938 est
540 3875 608 3938 veri
632 3875 736 3939 simile
764 3873 930 3959 Originem
957 3873 1073 3938 citasse
1100 3874 1253 3937 memoria
1279 3874 1400 3961 nixum,

228 3981 326 4044 immo
349 3980 495 4064 inspecto
518 3981 611 4046 libro.
658 3980 759 4057 Quem
779 3984 966 4045 nostrorum
984 3979 1172 4044 dissimilem
1191 3980 1290 4044 fuisse
1310 3984 1400 4063 patet

228 4109 245 4150 e
267 4087 414 4152 versibus
435 4086 477 4150 70
487 4108 555 4171 sqq.
606 4086 708 4163 Quam
736 4088 778 4152 ob
801 4110 869 4152 rem
891 4087 1045 4152 lectiones
1068 4087 1187 4174 varias,
1215 4109 1295 4171 quae
1319 4088 1398 4151 satis

227 4194 348 4258 multae
377 4198 558 4278 occurrent,
585 4217 758 4280 apponam,
786 4216 852 4258 non
881 4194 998 4258 diserte
1023 4193 1202 4279 explicabo,
1231 4193 1316 4278 quod
1340 4216 1397 4258 suo

227 4299 299 4364 loco
331 4301 394 4365 fiet.
427 4339 471 4348 —
503 4299 541 4365 ln
573 4323 667 4364 versu
695 4299 738 4364 bb
770 4300 930 4365 laudando
963 4299 1112 4386 Origines
1141 4301 1175 4386 (l.
1201 4298 1236 4387 l.)
1269 4299 1399 4365 exhibet

228 4410 356 4491 χαίροις
384 4429 448 4492 quo
471 4411 596 4494 χαίρεις
619 4408 740 4473 variam
763 4408 948 4493 lectionem,
972 4430 1053 4491 quae
1076 4407 1155 4491 quin
1177 4430 1233 4489 per
1257 4429 1290 4471 se
1314 4411 1400 4471 stare
