3342 5168
275 326 318 390 28
498 326 540 380 De
557 324 669 381 Veteris
686 324 851 396 Interpretis
869 325 981 380 ratione
998 324 1212 396 interpretandi.

275 491 415 585 δύναται
436 489 567 576 τροφὴν
591 486 697 578 ἑαυτῷ
719 492 934 576 πορίσασθαι.
980 488 1000 573 ἢ
1025 492 1062 555 τὸ
1085 491 1266 576 κοθούροις
1289 487 1363 555 ἀντὶ
1386 498 1446 555 τοῦ

274 597 404 682 ἀργοίς,
431 598 519 682 παρά
546 598 608 681 τὴν
634 594 814 681 καθέδραν.
860 595 880 680 ἢ
907 597 1082 682 κολούροις
1108 597 1170 680 τὴν
1197 596 1303 683 οὐράν
1330 595 1445 662 καὶτὸ

274 702 426 789 κέντρον·
457 703 513 770 καί
540 705 603 790 γάρ
631 701 687 769 καὶ
711 702 811 789 ἀργὸς
833 701 889 768 καί
912 703 1078 789 άκεντρος.
1124 702 1144 786 ἢ
1167 704 1348 790 κοθούροις
1371 700 1447 768 ἀντὶ

274 820 334 877 τοῦ
366 814 453 900 κόρρι
480 812 659 895 πλήθουσι.
705 807 946 893 καταγέλαστος
974 810 1037 896 γάρ
1065 808 1108 875 ἀν
1135 815 1186 893 είη
1213 833 1263 885 τις
1290 821 1358 876 τῶν
1385 806 1446 895 μὲν

274 917 465 1004 ἀνθρώπων
489 916 736 1001 ἐλαττούμενος,
759 927 829 992 τοῖς
852 912 889 981 δέ
907 924 1055 1000 κηφῆσιν
1074 916 1300 1001 ὁμοιούμενος.
1334 917 1446 1001 κηφὴν

277 1028 361 1103 ζῶον
393 1030 558 1109 μελισσῶν
585 1022 769 1109 ἀργότατον
796 1020 851 1087 καὶ
880 1023 1055 1109 άκεντρον·
1092 1025 1254 1107 κόθονροι
1283 1018 1320 1088 δὲ
1347 1022 1367 1107 ἣ
1396 1022 1447 1088 ὅτι

275 1131 441 1214 κάθηνται
463 1128 613 1196 τουτέστι
631 1137 898 1216 παρατηροῦνται
921 1130 983 1213 τὴν
1006 1130 1107 1215 ὥραν,
1131 1128 1167 1195 έν
1190 1120 1212 1214 ᾗ
1235 1126 1447 1213 ἐκβαίνουσιν

275 1239 313 1304 αί
333 1236 498 1322 μέλισσαι,
519 1237 575 1302 ἵνα
599 1235 798 1312 έκλαθόντες
822 1235 961 1315 ἐσθίωσι
984 1237 1021 1301 τὸ
1044 1234 1132 1320 μέλι·
1167 1235 1281 1320 droca
1302 1237 1447 1321 κολοβην

276 1345 381 1430 οὐράν
409 1345 557 1428 ἔχουσιν·
590 1342 837 1429 ἀποκρύπτουσι
865 1343 928 1426 γάρ
956 1343 1018 1426 τὴν
1045 1341 1159 1426 οὐράν.
1205 1344 1384 1427 Δίδυμος
1409 1339 1447 1409 δὲ

274 1450 462 1535 κοτούροις,
490 1449 539 1514 ὅτι
569 1451 668 1513 κότον
696 1450 831 1532 ἔχουσιν
860 1446 897 1512 ἐν
923 1456 962 1533 τῇ
986 1447 1085 1535 οὐρᾷ·
1112 1449 1194 1513 κατὰ
1217 1445 1255 1513 δὲ
1274 1445 1446 1534 Ἀριστο-

275 1554 424 1644 τέληνῑ)
438 1553 616 1642 ἀκέντροις.
647 1552 825 1639 Ἀμερίας
839 1550 876 1619 δέ
889 1555 1096 1638 κακούργοις.
1129 1556 1232 1638 μόνος
1246 1551 1283 1621 δὲ
1293 1552 1448 1632 Ἡσίοδος

275 1662 359 1742 άπαξ
382 1672 421 1749 τῇ
445 1660 529 1742 λέξει
553 1661 721 1748 ἐχρήσατο.
759 1658 822 1726 Sed
843 1661 896 1725 vel
917 1660 980 1747 his,
1003 1682 1084 1745 quae
1102 1661 1341 1748 exscripsimus,
1363 1682 1447 1726 acce

274 1769 357 1834 dunt
393 1769 625 1855 additamenta,
661 1769 784 1833 scilicet
816 1789 856 1832 ex
888 1767 1020 1832 scholiis
1053 1765 1347 1855 Monacensibus²):
1383 1791 1446 1833 κο-

274 1878 456 1963 θούροις·
479 1888 549 1954 τοϊς
570 1873 807 1960 καθεζομένοις
824 1873 880 1940 καί
898 1876 1104 1960 φυλάττουσι
1122 1875 1270 1958 τὴντῶν
1287 1880 1448 1959 μελιττῶν

275 1982 405 2062 ἔξοδον·
442 1977 538 2069 οὖροι
566 1983 629 2068 γάρ
657 1982 693 2046 οί
719 1983 878 2066 φύλακες·
915 1983 1077 2067 κόθονροι
1105 1975 1168 2046 οὖν
1195 1981 1231 2047 οί
1253 1981 1313 2058 τὰς
1339 1982 1448 2067 θύρας

276 2091 508 2175 φυλάττοντες.
553 2085 681 2171 λέγεται
714 2084 744 2152 δ’
779 2085 815 2152 έκ
846 2088 968 2152 τούτου
999 2085 1055 2151 καί
1086 2088 1266 2174 άνθροιπος
1298 2087 1316 2153 ὁ
1343 2084 1447 2173 μηδὲν

276 2199 361 2283 δρᾶν
385 2196 578 2280 δυνάμενος.
612 2192 852 2281 Ἀριστοφάνης
875 2192 1010 2278 Σφηξίν

410 2319 493 2386 ἀλλά
516 2322 579 2407 γάρ
603 2317 751 2404 κηφῆνές
773 2321 859 2384 είσιν
882 2318 962 2403 ἡμῖν
986 2317 1208 2403 ἐγκαθήμενοι

410 2427 471 2493 οὐκ
495 2428 625 2511 ἔχοντες
646 2424 798 2512 κέντρον·
823 2428 859 2490 οἳ
878 2424 1034 2510 μένοντες
1056 2425 1150 2510 ἡμῶν
1173 2433 1233 2491 τοῦ
1256 2428 1365 2513 φόρου

410 2536 470 2600 τὸν
493 2536 596 2617 γόνον
617 2536 854 2599 κατεσθίουσιν
878 2532 918 2597 οὐ
942 2533 1258 2618 ταλαιπωρούμενοι.

277 2656 340 2724 Sed
357 2681 398 2723 ne
416 2658 495 2723 haec
514 2658 642 2743 quidem
660 2657 832 2742 pristinam
846 2657 972 2741 copiam
985 2656 1146 2721 reficiunt:
1165 2656 1322 2722 adsciscas
1336 2656 1447 2741 lexica,

277 2763 461 2830 Gudianum
485 2762 629 2852 (paea,
650 2763 706 2849 13)
735 2768 767 2829 et
789 2764 841 2828 Ps.
866 2763 1007 2828 Zonaras
1031 2762 1075 2850 (p.
1101 2761 1216 2851 1227),
1243 2784 1380 2847 quorum
1409 2762 1447 2826 de
1514 2818 1517 2819 γ

276 2872 439 2937 communi
465 2872 555 2936 fonte
584 2871 725 2936 dubitari
752 2870 878 2954 nequit:
905 2869 1044 2954 ridebis,
1071 2870 1217 2953 quamvis
1244 2890 1345 2952 pauca
1372 2868 1448 2952 sint,

278 2978 435 3043 nonnulla
458 2981 567 3042 tamen
588 2977 662 3041 inde
685 2973 871 3063 accedere.³)

365 3083 406 3148 In
423 3083 538 3147 rebus
561 3082 810 3166 interpretandis
828 3080 932 3146 Vetus
951 3082 1006 3145 ille
1024 3081 1120 3166 longe
1144 3101 1234 3145 secus
1253 3101 1289 3144 ac
1306 3079 1449 3165 Proclus‚

277 3191 368 3255 cuius
392 3189 603 3275 cognorimus
626 3210 742 3273 mores,
765 3188 976 3254 brevissimus
1000 3188 1071 3253 ruit.
1109 3186 1196 3263 Quae
1215 3187 1326 3251 attulit
1344 3209 1361 3251 e
1379 3187 1449 3251 fon·

276 3297 365 3362 tibus
390 3295 458 3361 suis
481 3292 535 3383 (de
558 3295 677 3380 quibus
699 3295 784 3360 infra
802 3295 946 3360 dicturus
967 3291 1066 3383 snm),
1089 3293 1230 3379 optimae
1249 3297 1325 3358 sunt
1342 3298 1447 3359 notae.

277 3402 370 3480 Quod
405 3403 454 3467 ita
489 3423 573 3487 csse,
609 3402 720 3487 paucis
757 3400 984 3467 demonstrabo
1015 3402 1178 3485 exemplis.
1223 3399 1375 3486 Legimus
1408 3400 1448 3465 ad

278 3533 306 3574 v.
328 3510 366 3573 11
389 3507 433 3597 (p.
452 3509 497 3573 44
514 3512 582 3574 not.
601 3532 622 3593 y
646 3508 714 3573 add.
738 3530 819 3593 quae
843 3511 919 3573 sunt
942 3507 1001 3572 sub
1025 3505 1160 3595 άλλως);
1183 3507 1351 3574 ἀνοιστέον
1372 3507 1447 3596 (leg.

278 3612 526 3704 ἀναγνωστέον)
551 3618 632 3681 ἔσται
656 3633 710 3681 σοι
737 3613 853 3681 καὶτὸ
881 3612 957 3678 ροὐκ
984 3615 1048 3698 ἀρα
1071 3623 1197 3698 μοῦνον
1221 3615 1304 3698 ἔην’.
1337 3616 1451 3680 διὰτί

278 3718 370 3789 εἶπεν
398 3722 459 3789 οὐκ
486 3725 550 3809 ἀρα
573 3730 715 3808 μοῦνον,
743 3719 823 3806 πρίν
847 3726 921 3806 είπη
944 3723 1043 3797 τίνος.
1089 3713 1172 3785 εἷπε
1194 3721 1236 3785 τὸ
1260 3719 1352 3804 οὐχί
1371 3743 1448 3796 ποις

278 3832 358 3908 ναί;
390 3823 461 3895 εἷπε
489 3831 552 3915 γὰρ
582 3828 618 3894 ἐν
645 3838 684 3913 τῇ
710 3830 886 3914 Θεογονίᾳ,
915 3827 965 3892 ὅτι
992 3827 1030 3891 ἓν
1057 3823 1153 3909 γένος
1181 3824 1249 3892 ἐστὶ
1271 3836 1329 3911 τῆς
1353 3832 1448 3911 φιλο-

278 3940 404 4014 νεικίας
426 3934 481 4000 καὶ
505 3930 570 4000 ὧδε
594 3938 728 4020 ἔμελλεν
751 3937 867 4016 εἰπεῖν,
890 3933 940 3998 ὅτι
964 3932 1026 3998 δύο
1052 3934 1128 3997 είσί·
1152 3930 1207 3997 καί
1228 3928 1298 3998 είπε
1316 3933 1353 3997 τὸ
1373 3929 1447 4014 οὐχί

278 4043 377 4127 τάχα,
401 4042 453 4107 ὅτι
477 4041 637 4120 ἐψεύσατο
662 4039 698 4106 ἐν
721 4050 766 4127 τῷ
791 4043 911 4122 είπείν,
939 4039 989 4105 ὅτι
1012 4040 1050 4104 ἓν
1072 4037 1169 4122 γένος
1190 4039 1328 4122 ὑπάρχει
1352 4043 1447 4122 φιλο-

413 4270 458 4324 An
473 4267 691 4339 Ἀριστοφάνηνλ
728 4267 768 4324 cf.
787 4266 895 4322 scholia
912 4266 1101 4322 Monacensia.

413 4359 527 4414 Usener.
546 4357 645 4413 Rhein.
665 4357 736 4412 Mus.
757 4356 834 4411 XXII
850 4375 877 4426 p.
892 4361 952 4412 593.

414 4447 567 4517 κοθούροις
581 4475 615 4493 =
629 4446 806 4515 κονθούροις,
825 4445 1019 4513 κονντοάροιςς
1037 4441 1189 4511 κοθούροις
1203 4468 1237 4488 =
1250 4437 1388 4504 κλέπταις.
