3342 5168
527 369 569 422 De
586 368 762 438 Moschopuli
780 368 949 423 scholiorum
967 368 1053 426 fonte.
1334 372 1375 435 47

208 530 358 616 τάχιστα,
394 532 500 614 ἤγουν
535 533 642 614 πηλὸν
677 542 801 597 ποιεῖν·
839 529 988 597 ἐνθεῖναι
1026 528 1063 597 δέ
1094 531 1183 621 αύτῷ
1214 532 1378 618 ἁρμονίαν

79 722 81 728 Ι
209 645 319 723 μελῶν
350 637 576 724 ἀνθρωπίνων
602 636 657 703 καί
686 637 843 722 δύναμιν·
877 637 1016 723 ὁμοιοῦν
1043 635 1080 704 δὲ
1106 639 1144 703 τὸ
1171 646 1303 725 πλάσμα
1331 645 1379 718 είς

210 747 290 823 δψιν
310 756 382 821 ταῖς
400 744 585 821 ἀθανάταις
602 750 698 822 θεαῖς
715 756 787 839 ταίς
804 742 1000 830 παρθένοις·
1019 744 1191 810 τουτέστιν
1208 749 1256 823 είς
1273 748 1378 813 τύπον

209 850 384 934 παρθένου
416 850 496 916 αὐτὸ
524 862 633 916 ποιεῖν
664 847 735 916 κατ’
762 846 851 928 είδος
878 852 1060 937 εύμορφον,
1093 850 1285 937 ἐπέραστον·
1318 853 1379 937 τὴν

208 955 356 1041 Ἀθηνίιν
375 953 412 1022 δὲ
426 956 577 1022 ἐκέλευσε
595 956 725 1035 διδάξαι
744 957 849 1040 αὐτὴν
866 957 928 1039 τὴν
941 957 1006 1022 ὑπὸ
1025 967 1085 1023 τοῦ
1100 956 1285 1042 Ἡφαίστου
1298 965 1379 1025 πλα-

209 1061 423 1148 σθυσομένην
435 1062 619 1150 παρθένον,
633 1062 798 1150 ἐργασίας·
816 1061 900 1146 λέγω
915 1064 1073 1146 ὑφαίνειν
1092 1062 1185 1130 ίστδν
1202 1065 1292 1130 πάνυ
1305 1087 1379 1131 ποι-

207 1173 315 1235 κίλον·
338 1168 394 1235 καί
409 1222 415 1233 .
431 1221 459 1234 ..
504 1166 557 1235 Ita
583 1169 638 1234 ille
662 1170 848 1254 saepissime
870 1191 927 1253 per
948 1171 1053 1234 totam
1077 1191 1168 1234 suam
1189 1171 1379 1256 interpreta-

208 1276 337 1340 tionem.
344 1274 371 1363 ¹)
403 1276 448 1340 Et
466 1278 594 1341 constat
613 1298 686 1341 eum
703 1296 770 1341 non
788 1298 853 1341 uno
871 1275 943 1341 lucc
962 1275 1002 1339 ad
1020 1277 1154 1341 verbum
1173 1278 1379 1362 exscripsisse

209 1381 342 1467 antiqua
359 1382 488 1447 scholia.
517 1380 605 1447 Inter
619 1383 723 1447 multa
736 1382 881 1468 exempla
894 1383 1038 1448 conferas
1053 1383 1093 1447 ad
1106 1406 1134 1447 v.
1149 1384 1215 1449 695
1230 1381 1274 1471 (p.
1285 1382 1378 1471 378):

208 1491 247 1554 τά
266 1485 328 1575 μέν
345 1487 422 1574 περὶ
440 1492 612 1567 ναυτιλίας
626 1489 715 1577 αὐτῷ
730 1489 934 1575 διατάγματα
947 1488 1041 1567 τέλος
1055 1492 1172 1574 ἔχειμδι
1188 1488 1218 1554 δ’
1236 1489 1379 1576 ἑπόμενα

208 1597 304 1661 κοινά
328 1598 428 1679 εἰσιν,
455 1598 502 1673 είς
524 1605 634 1662 πᾶσαν
656 1599 809 1662 τείνοντα
831 1598 893 1679 τὴν
916 1596 1002 1679 ζωὴν
1023 1607 1091 1661 τῶν
1113 1596 1314 1682 ἀνθρώπων,
1337 1596 1379 1662 ού

208 1705 466 1787 γεωργησίντων
480 1702 520 1768 ού
534 1705 909 1789 θαλαττουρνησόντων,
926 1697 974 1768 ὧν
987 1705 1119 1787 πρῶτόν
1134 1701 1202 1767 ἐστι
1215 1704 1253 1767 τὸ
1267 1703 1379 1788 ὁρίζον

209 1811 268 1873 τὸν
294 1807 370 1896 περὶ
396 1818 458 1874 τοῦ
487 1809 595 1894 γάμου
621 1811 755 1896 καιρόν,
781 1807 836 1874 καί
864 1818 910 1897 τῷ
932 1813 1113 1894 γαμήσοντι
1136 1806 1191 1873 καί
1213 1818 1253 1894 τῇ
1276 1833 1379 1893 γαμη-

208 1914 387 2001 θησομένῃ.
424 1914 480 1981 καί
499 1917 562 2000 γάρ
581 1924 678 1981 τοῦτο
698 1915 889 1981 ἀκόλουθον
905 1909 949 1999 ἦν
966 1924 1011 2003 τῷ
1029 1916 1089 1979 τὸν
1106 1917 1224 2000 καιρὸν
1241 1915 1379 2001 άριστον

209 2016 294 2087 εἶναι
322 2031 424 2097 πᾶσιν
446 2027 514 2088 κτλ.
560 2022 648 2098 Quae
676 2026 869 2108 sequuntur,
898 2022 1061 2106 pertinent
1088 2020 1129 2085 sd
1155 2021 1282 2086 inanem
1310 2022 1378 2087 eius

209 2127 446 2212 paraphrasim:
470 2150 507 2193 ea
530 2150 616 2215 vero,
639 2150 720 2213 quae
743 2127 890 2215 apposui,
915 2128 1023 2193 omnia
1046 2128 1144 2193 etiam
1165 2150 1251 2193 nunc
1271 2128 1378 2193 Procli

209 2234 270 2299 sub
292 2235 422 2299 nomine
446 2238 615 2300 servantur
637 2239 670 2300 et
692 2234 799 2300 Procli
822 2235 890 2299 sine
914 2235 1011 2299 dubio
1035 2239 1112 2300 sunt
1134 2231 1179 2322 (p.
1198 2233 1286 2322 377).
1327 2233 1378 2300 Ad

208 2363 237 2405 v.
262 2340 327 2405 754
350 2338 395 2428 (p.
418 2338 499 2429 410)
527 2341 642 2426 incipit
668 2341 889 2426 paraphrasis:
917 2345 987 2405 tum
1011 2342 1182 2406 confitetur
1203 2341 1322 2406 habere
1345 2363 1378 2406 se

209 2447 364 2531 quaedam
387 2469 404 2512 e
426 2446 542 2513 Proclo
565 2450 598 2512 et
621 2447 791 2532 exscripsit
814 2447 1017 2534 adverbum,
1040 2470 1122 2532 quae
1143 2469 1228 2513 nunc
1251 2470 1378 2532 quoque

207 2552 376 2619 Proeliana
405 2558 575 2619 servantur
602 2551 646 2641 (p.
666 2552 760 2642 409):
793 2554 931 2639 denique
962 2554 1073 2639 posuit
1104 2556 1211 2631 άλλως
1242 2557 1274 2618 et
1299 2553 1378 2619 haee

208 2660 351 2745 scripsitz
381 2661 645 2746 παρακελεύομαι
668 2657 751 2745 μηδὲ
772 2665 994 2748 καθαίρεσθαι
1017 2661 1123 2746 άνδρα
1146 2663 1183 2726 τὸ
1207 2671 1300 2746 σῶμα
1323 2661 1379 2726 διὰ

208 2772 352 2852 λουτροῦ
366 2764 519 2849 γυναιξίν
532 2766 744 2852 ἁρμόζοντος·
759 2766 908 2833 τουτέστι
922 2768 1184 2852 παρακελεύομαι
1198 2766 1242 2851 μὴ
1261 2767 1378 2852 μύροις

208 2871 262 2937 καί
295 2875 454 2958 χρίσμασί
477 2890 566 2938 τισιν
594 2872 631 2938 ἐν
658 2878 787 2963 λουτρῷ
813 2880 959 2961 χρῆσθαι
986 2874 1108 2956 ἄνδρα,
1140 2863 1191 2949 οἷς
1218 2874 1378 2939 εἰώθασιν

210 2981 247 3044 αί
267 2992 421 3061 γυναῖκες
443 2986 597 3067 χρῆσθαι.
635 2977 718 3045 Sunt
739 2981 819 3046 haec
840 2981 958 3046 veteris
980 2979 1176 3066 interpretis,
1196 3001 1283 3044 nune
1301 3001 1379 3064 quo·

208 3107 270 3169 que
305 3085 459 3171 leguntur
495 3086 606 3151 eedem
644 3088 737 3173 signe
771 3110 790 3152 a
819 3087 997 3152 Proclianis
1029 3086 1133 3151 dirim
1165 3083 1209 3173 (p.
1235 3085 1300 3150 409
1315 3084 1377 3173 sq.)

208 3189 367 3257 Censesne
402 3193 503 3257 istum
534 3192 712 3279 huminem,
747 3194 776 3258 si
807 3194 892 3259 forte
922 3194 1025 3279 deest,
1060 3192 1144 3257 unde
1176 3197 1378 3279 coarguatur,

207 3299 339 3383 propria
370 3298 516 3364 dedisse?
554 3296 654 3366 cuius
682 3300 808 3386 generis
831 3300 981 3366 ridentur
1010 3298 1105 3384 mihi,
1132 3321 1214 3384 quae
1240 3298 1377 3385 legimus

208 3402 252 3491 (p.
276 3403 334 3493 38)
363 3404 401 3469 ad
430 3406 580 3470 carminis
607 3407 751 3471 initium:
782 3428 863 3491 quae
890 3410 998 3471 tamen
1026 3406 1054 3470 si
1082 3407 1155 3490 quis
1178 3405 1275 3470 nimis
1298 3406 1378 3470 trita

207 3532 243 3575 ae
270 3511 416 3596 vulgaria
443 3512 598 3577 iudicabit
626 3534 723 3596 quum
750 3517 787 3576 ut
814 3513 994 3596 exquisitae
1020 3509 1186 3599 „Veteris“
1214 3511 1377 3576 doctrinae

208 3617 460 3703 attribuas,an
482 3618 564 3705 ride,
589 3640 670 3703 quae
693 3619 785 3684 dccet
808 3617 1041 3704 Mesehcpulus
1064 3618 1105 3682 ad
1126 3641 1155 3683 v.
1175 3619 1216 3684 67
1241 3616 1285 3706 (p.
1306 3616 1377 3705 89):

206 3726 314 3801 πόθος
346 3722 386 3789 δέ
416 3722 506 3789 ἐστιν
536 3723 697 3810 ἐπιθυμία
724 3726 925 3811 πραγμάτων
953 3725 1118 3789 άπύντων·
1152 3722 1312 3809 ἐπιθυμία
1339 3721 1377 3791 δὲ

206 3827 261 3894 καί
289 3831 401 3916 ἵμερος
428 3832 465 3896 τὸ
494 3830 589 3914 αὐτό,
616 3828 671 3895 καί
699 3830 827 3914 λέγεται
856 3827 999 3895 ἐπὶτῶν
1020 3831 1210 3915 παρόντων,
1237 3831 1377 3912 δηλοῦσι

206 3931 244 4000 δὲ
267 3935 373 4021 ὁρμὴν
395 3943 504 4020 ύνλῆς
525 3933 580 4000 καί
603 3938 736 4019 κίνησιν
759 3935 815 4000 ε’ττί
834 3959 876 4017 τι,
899 3936 936 3999 τὸ
960 3931 1020 4019 μὲν
1044 3935 1108 4000 ἀπὸ
1130 3944 1191 3999 τοῦ
1213 3936 1376 4021 averet

206 4051 264 4126 τῆς
295 4050 404 4126 ψυχῆς
434 4044 563 4124 κίνησις
594 4040 649 4107 καί
682 4040 781 4125 ζέσις,
813 4040 831 4106 ὃ
863 4044 990 4124 γίνεται
1022 4041 1086 4107 ἀπὸ
1117 4051 1178 4106 τοῦ
1211 4042 1311 4107 θύειν
1338 4044 1375 4107 τὸ

206 4148 325 4233 ὁρμᾶν·
359 4147 377 4212 ὁ
411 4143 447 4212 δὲ
475 4147 587 4231 ἵμερος
610 4147 661 4212 ὅτι
690 4146 817 4231 ἱέμενος
844 4147 910 4235 δεῖ,
933 4148 1022 4213 καθά
1051 4164 1155 4231 φησιν
1182 4148 1200 4214 δ
1224 4148 1375 4213 Πλάτων.

206 4255 289 4338 ἔρως
316 4252 370 4337 δέ,
396 4253 507 4330 πάθος
529 4253 656 4332 ἔξωθεν
678 4255 734 4319 διά
756 4266 824 4320 τῶν
847 4254 1003 4340 ὀμμάτων
1025 4263 1064 4339 τῇ
1087 4263 1176 4340 ψυχῇ
1198 4258 1376 4340 προσγινό-

296 4484 322 4551 1)
341 4480 381 4536 Of.
399 4500 427 4552 p.
447 4487 507 4551 121,
528 4487 587 4552 124,
608 4487 667 4550 125,
688 4487 739 4536 180
757 4482 877 4552 saepius.
914 4481 1001 4537 Plura
1018 4482 1093 4538 dabo
1111 4481 1192 4538 infra.
