3390 5178
316 364 378 430 156
552 363 683 433 Didymei
701 363 738 417 ad
757 361 850 433 Opera
868 361 1062 427 commentarii
1079 363 1246 433 fragmenta,

313 551 435 616 versus,
453 528 509 613 qui
523 527 672 591 videntur
686 547 756 592 esse
770 526 880 610 additi,
901 530 938 591 ut
951 527 992 590 ad
1005 524 1196 612 Catalogum
1209 524 1382 591 mulierum
1395 525 1487 590 fieret

314 636 485 721 transitus,
515 635 618 718 adque
640 633 751 699 Iliadis
774 637 971 718 postremam
994 638 1128 719 partem,
1152 655 1232 717 quae
1256 632 1380 716 etipsa
1403 654 1486 697 com-

314 747 439 808 mutata
462 763 531 807 esse
554 741 707 826 traditur,
729 745 766 806 ut
789 741 1017 826 adiungeretur
1040 740 1219 824 Aethiopis.
1263 738 1388 804 Eodem
1410 760 1486 804 vero

314 850 380 914 fere
403 854 556 934 ternpore,
580 870 644 933 quo
667 848 729 912 hoc
751 848 872 912 factum
895 851 954 934 est,
977 846 1055 932 quid
1077 833 1213 912 esr'veri
1232 845 1370 911 similius
1390 869 1486 931 quam

315 957 399 1021 idem
424 956 568 1021 evenisse
594 953 768 1040 Operibus,
794 960 830 1019 ut
856 955 1083 1041 adiungeretur
1109 952 1371 1018 Ornithomantia
1399 974 1486 1037 sepa-

314 1064 411 1129 ratim
430 1085 531 1147 usque
550 1084 587 1127 eo
606 1061 774 1127 lectitata?
802 1060 968 1126 Accedunt
985 1062 1116 1145 insuper
1134 1064 1233 1126 testes
1251 1057 1456 1147 Pausanias(
1479 1072 1494 1126 .’

314 1180 411 1255 supra
429 1194 459 1254 p.
474 1168 510 1257 6)
540 1169 762 1253 Didymusque
785 1169 854 1252 ipse
877 1168 915 1232 de
941 1166 1083 1252 Operum
1105 1167 1331 1232 additamentis
1354 1188 1389 1230 ro
1412 1188 1487 1232 vera

313 1279 416 1343 factis.
462 1276 539 1341 Fuit
562 1297 638 1362 ergo
663 1276 741 1340 olim
763 1297 874 1340 versus
899 1273 1040 1359 Operum
1063 1273 1291 1358 ultimus-825,
1314 1277 1346 1338 et
1370 1274 1488 1359 delevit

314 1408 386 1451 cum
419 1382 681 1452 Ornithomantia
710 1405 739 1448 v.
764 1382 828 1448 826
840 1404 908 1465 sqq.
936 1380 1139 1465 Apollonius.
1198 1378 1311 1466 Neque
1339 1381 1487 1449 firmatur

315 1493 416 1557 altera
438 1491 476 1556 de
500 1513 564 1575 qua
586 1490 654 1554 dixi
677 1490 845 1574 sententia,
869 1488 955 1572 quod
978 1489 1096 1554 ἅτινα
1119 1509 1182 1552 vox
1204 1487 1318 1552 scholii
1336 1486 1487 1572 Didymei

313 1621 381 1664 non
407 1621 501 1682 posse
528 1596 591 1662 dici
617 1595 744 1662 videtur
771 1595 810 1659 de
833 1595 939 1659 tribus
962 1595 1117 1659 uersibus.
1163 1592 1248 1659 Nam
1270 1616 1311 1658 ne
1334 1595 1372 1658 de
1395 1592 1487 1659 Orni-

315 1706 496 1771 thomantia
527 1703 677 1768 universa
710 1702 839 1786 quidem
871 1701 976 1767 valere
1008 1705 1116 1785 potest
1153 1702 1174 1766 a
1210 1725 1292 1767 τινα.
1351 1701 1397 1766 Et
1425 1701 1487 1767 hoc

316 1835 442 1897 semper
464 1810 637 1877 tenendum
659 1831 719 1874 nos
742 1831 809 1874 non
826 1808 932 1894 legere
950 1807 1049 1872 verha
1067 1806 1244 1896 Apollonii,
1261 1830 1327 1872 non
1345 1808 1486 1894 Didymi,

314 1942 380 1985 non
411 1919 575 1984 veterrimi
607 1916 815 2003 scholiastae,
848 1938 889 1981 ne
922 1913 1139 1981 Choerohosci
1172 1915 1316 2000 quidem,
1348 1916 1403 1980 scd
1435 1938 1486 1980 ex-

315 2030 505 2111 cerptorum.
592 2033 594 2037 ’

403 2133 490 2198 Haec
523 2135 611 2217 sunt,
650 2134 811 2216 quotquot
842 2151 927 2194 nunc
960 2129 1097 2195 inveniri
1133 2134 1271 2214 possunt
1307 2130 1487 2215 fragmenta

314 2239 465 2323 Didymei
498 2239 618 2325 operis,
648 2237 750 2302 fontis
781 2237 1027 2302 veterrimorum
1059 2236 1254 2301 scholiorum
1287 2239 1319 2300 et
1349 2234 1486 2301 Choero·

315 2347 418 2432 bosci,
451 2345 568 2430 quibus
596 2344 757 2409 restitutis
786 2344 849 2408 iam
877 2343 939 2408 icet
967 2344 1075 2428 aliquo
1100 2344 1195 2408 modo
1224 2343 1414 2408 adumbrare
1440 2344 1486 2408 in-

316 2454 421 2521 dolem
451 2452 766 2537 commentariorum,
794 2452 850 2535 qui
878 2452 1035 2535 imprimis
1069 2473 1144 2516 sane
1176 2451 1266 2537 digni
1299 2454 1404 2538 erant,
1431 2451 1486 2534 qui

316 2561 579 2627 exscriberentur.
629 2558 705 2625 Non
733 2559 837 2624 solum
865 2559 951 2624 enim
972 2558 1222 2643 interpretandis
1245 2558 1341 2622 rebus
1364 2558 1398 2622 in
1421 2557 1486 2621 illis

316 2691 424 2735 curam
457 2690 614 2733 summam
645 2667 786 2751 positam
821 2666 922 2731 fuisse
958 2670 1105 2750 apertum
1144 2670 1206 2753 est,
1241 2686 1353 2729 verum
1390 2665 1487 2729 etiam

316 2797 429 2841 sanum
457 2775 624 2860 iudicium,
651 2774 816 2860 ingenium
843 2773 1025 2857 insolitum,
1051 2794 1182 2837 acumen
1210 2773 1328 2837 mentis
1351 2771 1487 2858 insigne,

315 2882 473 2966 imprimis
491 2881 692 2968 diligentiam
712 2880 907 2965 singularem
925 2902 990 2943 non
1010 2879 1156 2943 defuisse.
1199 2877 1331 2944 Accedit
1349 2879 1487 2943 maxime

315 2988 475 3055 laudabile
498 2989 639 3054 studium
663 3009 728 3051 uno
753 3007 880 3070 quoque
902 2985 973 3049 loco
997 2985 1134 3049 aliorum
1158 3007 1286 3068 quoque
1311 2985 1487 3049 sententias

316 3094 616 3181 cognoscendique
636 3093 742 3157 studio
761 3113 827 3156 non
846 3092 952 3156 solum
970 3090 1239 3176 interpretationi,
1259 3091 1487 3156 verumetiam

317 3202 379 3266 arti
402 3200 530 3265 criticae
554 3200 676 3283 optima
700 3198 805 3263 officia
825 3201 1039 3281 praestantur.

877 3386 926 3458 10.

404 3517 527 3605 Restat,
539 3522 576 3583 ut
590 3539 690 3603 pauca
705 3517 859 3584 addamus
873 3517 913 3582 ad
927 3517 989 3583 alia
1002 3517 1124 3584 scholia
1133 3518 1248 3585 melius
1259 3520 1485 3605 cognoscenda.

316 3624 365 3692 Ao
382 3626 523 3711 primum
541 3625 669 3710 quidem
688 3625 821 3691 Tretzae
840 3629 872 3690 et
890 3624 1095 3709 Moschopuli
1114 3624 1309 3690 scholiorum
1328 3627 1392 3690 iam
1408 3625 1486 3690 vidi-

316 3756 387 3798 mus
419 3734 542 3797 fontem
574 3733 670 3818 longe
697 3733 903 3817 praecipuum
931 3731 1052 3796 scholia
1078 3731 1185 3797 Procli
1212 3736 1249 3796 ct·
1272 3729 1486 3796 Ghoerobosci

316 3841 416 3906 fuisse
440 3861 554 3925 genere
577 3843 704 3904 tanturn
728 3839 851 3904 dicendi
875 3843 1073 3903 commutato
1092 3838 1268 3923 interdum3
1291 3860 1349 3902 nec
1371 3838 1486 3903 desunt

315 3948 388 4035 loci,
418 3946 477 4011 ubi
506 3947 606 4012 uerba
634 3946 705 4030 ipsa
735 3946 896 4030 exscripta
926 3946 992 4010 sint
1015 3944 1163 4010 auctoris.
1209 3944 1355 4028 Reliquis
1379 3949 1486 4009 autern

317 4053 456 4140 scholiis,
480 4074 562 4137 quae
584 4052 733 4116 videntur
756 4074 867 4117 eorum
891 4053 1036 4136 ipsorum
1054 4051 1185 4135 propria
1204 4073 1282 4136 esse,
1301 4051 1486 4136 diligentius

315 4160 492 4244 perspectis
520 4159 602 4223 alius
630 4180 771 4242 quoque·
785 4158 858 4222 fons
886 4158 967 4223 locis
989 4158 1153 4222 nonnullis
1177 4162 1311 4242 apparet
1334 4161 1430 4241 atque
1453 4158 1487 4221 id

316 4266 419 4351 magis
452 4265 536 4349 apud
563 4264 811 4349 Moschopulum
844 4287 940 4348 quam
968 4265 1053 4348 apud
1079 4263 1234 4328 Tzetaam.
1289 4262 1388 4329 Velut
1415 4264 1487 4329 vide

317 4394 435 4456 quaeso
450 4370 654 4454 Moschopuli
667 4394 697 4454 p.
708 4371 771 4434 271
788 4370 828 4434 ad
841 4394 869 4434 v.
880 4371 945 4434 423
957 4393 1039 4454 sqq:
1062 4372 1183 4456 ὄλμον
1206 4367 1277 4454 μὲν
1294 4372 1488 4455 τριπόδην

317 4478 493 4562 τάμνειν·
518 4480 565 4555 εἰς
587 4477 792 4562 κατασκευὴν
809 4473 870 4562 μὲν
888 4479 1003 4562 ὄλμον,
1023 4478 1129 4560 ἤγουν
1149 4478 1252 4562 ἴνόης,
1269 4474 1367 4567 τέμνε
1379 4475 1485 4564 ξύλον
