<?xml version="1.0" encoding="UTF-8"?>
<!DOCTYPE html PUBLIC "-//W3C//DTD XHTML 1.0 Transitional//EN"
    "http://www.w3.org/TR/xhtml1/DTD/xhtml1-transitional.dtd">
<html xmlns="http://www.w3.org/1999/xhtml" xml:lang="en" lang="en">
 <head>
  <title>
</title>
<meta http-equiv="Content-Type" content="text/html;charset=utf-8" />
  <meta name='ocr-system' content='tesseract 3.04.00' />
  <meta name='ocr-capabilities' content='ocr_page ocr_carea ocr_par ocr_line ocrx_word'/>
</head>
<body>
  <div class='ocr_page' id='page_1' title='image "./studiahesiodeas01dimigoog_0162.png"; bbox 0 0 3366 5168; ppageno 0'>
   <div class='ocr_carea' id='block_1_1' title="bbox 442 354 1376 426">
    <p class='ocr_par' dir='ltr' id='par_1_1' title="bbox 442 354 1376 426">
     <span class='ocr_line' id='line_1_1' title="bbox 442 354 1376 426; baseline 0.004 -18"><span class='ocrx_word' id='word_1_1' title='bbox 442 354 573 423; x_wconf 86' lang='lat' dir='ltr'><strong>Didymei</strong></span> <span class='ocrx_word' id='word_1_2' title='bbox 592 356 629 409; x_wconf 86' lang='lat' dir='ltr'>ad</span> <span class='ocrx_word' id='word_1_3' title='bbox 647 354 739 425; x_wconf 83' lang='lat' dir='ltr'>Opera</span> <span class='ocrx_word' id='word_1_4' title='bbox 758 354 951 409; x_wconf 89' lang='lat' dir='ltr'>commentarii</span> <span class='ocrx_word' id='word_1_5' title='bbox 968 354 1135 426; x_wconf 80' lang='lat' dir='ltr'>fragmenta.</span> <span class='ocrx_word' id='word_1_6' title='bbox 1313 356 1376 419; x_wconf 89' lang='lat'>143</span> 
     </span>
    </p>
   </div>
   <div class='ocr_carea' id='block_1_2' title="bbox 204 516 1379 3803">
    <p class='ocr_par' dir='ltr' id='par_1_2' title="bbox 204 516 1379 2838">
     <span class='ocr_line' id='line_1_2' title="bbox 205 516 1377 603; baseline -0.001 -21"><span class='ocrx_word' id='word_1_7' title='bbox 205 518 240 582; x_wconf 90' lang='lat' dir='ltr'>in</span> <span class='ocrx_word' id='word_1_8' title='bbox 262 540 310 603; x_wconf 89' lang='lat' dir='ltr'>eo,</span> <span class='ocrx_word' id='word_1_9' title='bbox 333 519 389 602; x_wconf 89' lang='lat' dir='ltr'>qui</span> <span class='ocrx_word' id='word_1_10' title='bbox 413 518 550 583; x_wconf 83' lang='lat' dir='ltr'>aliorum</span> <span class='ocrx_word' id='word_1_11' title='bbox 570 539 697 603; x_wconf 90' lang='lat' dir='ltr'>quoque</span> <span class='ocrx_word' id='word_1_12' title='bbox 716 518 900 583; x_wconf 87' lang='lat' dir='ltr'>criticorum</span> <span class='ocrx_word' id='word_1_13' title='bbox 918 516 1106 582; x_wconf 77' lang='lat' dir='ltr'><strong>Aristarcho</strong></span> <span class='ocrx_word' id='word_1_14' title='bbox 1126 518 1287 583; x_wconf 89' lang='lat' dir='ltr'>minorum</span> <span class='ocrx_word' id='word_1_15' title='bbox 1310 518 1377 601; x_wconf 91' lang='lat' dir='ltr'>opi-</span> 
     </span>
     <span class='ocr_line' id='line_1_3' title="bbox 204 622 1377 710; baseline -0.001 -21"><span class='ocrx_word' id='word_1_16' title='bbox 204 626 316 689; x_wconf 89' lang='lat' dir='ltr'>niones</span> <span class='ocrx_word' id='word_1_17' title='bbox 335 625 370 689; x_wconf 91' lang='lat' dir='ltr'>in</span> <span class='ocrx_word' id='word_1_18' title='bbox 388 626 618 690; x_wconf 85' lang='lat' dir='ltr'>commentario</span> <span class='ocrx_word' id='word_1_19' title='bbox 638 625 866 689; x_wconf 88' lang='lat' dir='ltr'>conscribendo</span> <span class='ocrx_word' id='word_1_20' title='bbox 884 647 950 689; x_wconf 90' lang='lat' dir='ltr'>non</span> <span class='ocrx_word' id='word_1_21' title='bbox 967 624 1154 710; x_wconf 75' lang='lat' dir='ltr'><strong>neglexerit.</strong></span> <span class='ocrx_word' id='word_1_22' title='bbox 1194 622 1249 709; x_wconf 81' lang='lat' dir='ltr'>Et,</span> <span class='ocrx_word' id='word_1_23' title='bbox 1269 646 1377 707; x_wconf 87' lang='lat' dir='ltr'>quarn-</span> 
     </span>
     <span class='ocr_line' id='line_1_4' title="bbox 206 728 1377 815; baseline -0.001 -20"><span class='ocrx_word' id='word_1_24' title='bbox 206 754 302 814; x_wconf 92' lang='lat' dir='ltr'>quam</span> <span class='ocrx_word' id='word_1_25' title='bbox 333 754 399 796; x_wconf 90' lang='lat' dir='ltr'>non</span> <span class='ocrx_word' id='word_1_26' title='bbox 434 732 591 796; x_wconf 86' lang='lat' dir='ltr'>contendo</span> <span class='ocrx_word' id='word_1_27' title='bbox 628 731 669 795; x_wconf 90' lang='lat' dir='ltr'>ab</span> <span class='ocrx_word' id='word_1_28' title='bbox 705 754 742 796; x_wconf 92' lang='lat' dir='ltr'>eo</span> <span class='ocrx_word' id='word_1_29' title='bbox 779 732 816 797; x_wconf 91' lang='lat' dir='ltr'>de</span> <span class='ocrx_word' id='word_1_30' title='bbox 851 755 915 796; x_wconf 90' lang='lat' dir='ltr'>una</span> <span class='ocrx_word' id='word_1_31' title='bbox 950 753 1075 815; x_wconf 86' lang='lat' dir='ltr'>quaque</span> <span class='ocrx_word' id='word_1_32' title='bbox 1110 731 1270 795; x_wconf 87' lang='lat' dir='ltr'>sententia</span> <span class='ocrx_word' id='word_1_33' title='bbox 1305 728 1377 795; x_wconf 85' lang='lat' dir='ltr'>Ari-</span> 
     </span>
     <span class='ocr_line' id='line_1_5' title="bbox 206 836 1378 924; baseline -0.002 -22"><span class='ocrx_word' id='word_1_34' title='bbox 206 838 352 903; x_wconf 83' lang='lat' dir='ltr'>starchea</span> <span class='ocrx_word' id='word_1_35' title='bbox 389 838 489 923; x_wconf 87' lang='lat' dir='ltr'>deque</span> <span class='ocrx_word' id='word_1_36' title='bbox 521 837 658 924; x_wconf 86' lang='lat' dir='ltr'>singulis</span> <span class='ocrx_word' id='word_1_37' title='bbox 690 840 823 915; x_wconf 75' lang='grc' dir='ltr'><em>διπλαῖς</em></span> <span class='ocrx_word' id='word_1_38' title='bbox 855 838 1054 921; x_wconf 82' lang='lat' dir='ltr'>disputatum</span> <span class='ocrx_word' id='word_1_39' title='bbox 1087 859 1164 921; x_wconf 84' lang='lat' dir='ltr'>esse,</span> <span class='ocrx_word' id='word_1_40' title='bbox 1197 837 1272 920; x_wconf 84' lang='lat' dir='ltr'>quie</span> <span class='ocrx_word' id='word_1_41' title='bbox 1302 836 1378 900; x_wconf 90' lang='lat' dir='ltr'>huio</span> 
     </span>
     <span class='ocr_line' id='line_1_6' title="bbox 205 942 1376 1029; baseline -0.001 -20"><span class='ocrx_word' id='word_1_42' title='bbox 205 946 433 1009; x_wconf 86' lang='lat' dir='ltr'>commentario</span> <span class='ocrx_word' id='word_1_43' title='bbox 447 966 513 1009; x_wconf 90' lang='lat' dir='ltr'>non</span> <span class='ocrx_word' id='word_1_44' title='bbox 527 948 595 1008; x_wconf 90' lang='lat' dir='ltr'>erat</span> <span class='ocrx_word' id='word_1_45' title='bbox 614 943 697 1008; x_wconf 90' lang='lat' dir='ltr'>idem</span> <span class='ocrx_word' id='word_1_46' title='bbox 716 944 791 1008; x_wconf 91' lang='lat' dir='ltr'>finis</span> <span class='ocrx_word' id='word_1_47' title='bbox 810 949 908 1029; x_wconf 87' lang='lat' dir='ltr'>atque</span> <span class='ocrx_word' id='word_1_48' title='bbox 927 944 1034 1029; x_wconf 91' lang='lat' dir='ltr'>operis</span> <span class='ocrx_word' id='word_1_49' title='bbox 1048 942 1199 1027; x_wconf 82' lang='lat' dir='ltr'>Didymei</span> <span class='ocrx_word' id='word_1_50' title='bbox 1212 944 1246 1007; x_wconf 90' lang='lat' dir='ltr'>in</span> <span class='ocrx_word' id='word_1_51' title='bbox 1260 942 1376 1008; x_wconf 92' lang='lat' dir='ltr'>Home-</span> 
     </span>
     <span class='ocr_line' id='line_1_7' title="bbox 205 1047 1378 1137; baseline -0.002 -22"><span class='ocrx_word' id='word_1_52' title='bbox 205 1052 280 1115; x_wconf 88' lang='lat' dir='ltr'>ricis</span> <span class='ocrx_word' id='word_1_53' title='bbox 305 1051 436 1116; x_wconf 78' lang='lat' dir='ltr'>scholiis</span> <span class='ocrx_word' id='word_1_54' title='bbox 460 1051 627 1137; x_wconf 73' lang='lat' dir='ltr'>exscripti,</span> <span class='ocrx_word' id='word_1_55' title='bbox 657 1051 743 1134; x_wconf 91' lang='lat' dir='ltr'>quod</span> <span class='ocrx_word' id='word_1_56' title='bbox 766 1054 815 1115; x_wconf 91' lang='lat' dir='ltr'>est</span> <span class='ocrx_word' id='word_1_57' title='bbox 838 1048 914 1133; x_wconf 79' lang='grc' dir='ltr'>περὶ</span> <span class='ocrx_word' id='word_1_58' title='bbox 937 1051 1191 1137; x_wconf 77' lang='grc' dir='ltr'><strong><em>διορθώσεως</em></strong></span> <span class='ocrx_word' id='word_1_59' title='bbox 1209 1047 1378 1133; x_wconf 62' lang='lat' dir='ltr'>&#39;Aeastup-</span> 
     </span>
     <span class='ocr_line' id='line_1_8' title="bbox 204 1154 1377 1242; baseline -0.004 -19"><span class='ocrx_word' id='word_1_60' title='bbox 204 1161 308 1242; x_wconf 81' lang='grc' dir='ltr'>χείας,</span> <span class='ocrx_word' id='word_1_61' title='bbox 335 1158 437 1222; x_wconf 93' lang='lat' dir='ltr'>nihilo</span> <span class='ocrx_word' id='word_1_62' title='bbox 469 1157 577 1221; x_wconf 91' lang='lat' dir='ltr'>minus</span> <span class='ocrx_word' id='word_1_63' title='bbox 604 1180 664 1241; x_wconf 94' lang='lat' dir='ltr'>pro</span> <span class='ocrx_word' id='word_1_64' title='bbox 692 1161 779 1221; x_wconf 91' lang='lat' dir='ltr'>certo</span> <span class='ocrx_word' id='word_1_65' title='bbox 803 1156 1029 1221; x_wconf 79' lang='lat' dir='ltr'>affirmaverim</span> <span class='ocrx_word' id='word_1_66' title='bbox 1052 1155 1212 1220; x_wconf 83' lang='lat' dir='ltr'>atheteses</span> <span class='ocrx_word' id='word_1_67' title='bbox 1239 1154 1377 1219; x_wconf 84' lang='lat' dir='ltr'>Aristar-</span> 
     </span>
     <span class='ocr_line' id='line_1_9' title="bbox 205 1260 1378 1348; baseline -0.003 -20"><span class='ocrx_word' id='word_1_68' title='bbox 205 1263 297 1329; x_wconf 90' lang='lat' dir='ltr'>cheas</span> <span class='ocrx_word' id='word_1_69' title='bbox 316 1265 355 1329; x_wconf 86' lang='lat' dir='ltr'>ab</span> <span class='ocrx_word' id='word_1_70' title='bbox 375 1287 412 1329; x_wconf 94' lang='lat' dir='ltr'>eo</span> <span class='ocrx_word' id='word_1_71' title='bbox 431 1286 495 1328; x_wconf 88' lang='lat' dir='ltr'>uno</span> <span class='ocrx_word' id='word_1_72' title='bbox 516 1285 643 1348; x_wconf 90' lang='lat' dir='ltr'>quoque</span> <span class='ocrx_word' id='word_1_73' title='bbox 665 1263 736 1328; x_wconf 90' lang='lat' dir='ltr'>loco</span> <span class='ocrx_word' id='word_1_74' title='bbox 761 1285 830 1329; x_wconf 89' lang='lat' dir='ltr'>esse</span> <span class='ocrx_word' id='word_1_75' title='bbox 854 1267 1008 1328; x_wconf 79' lang='lat' dir='ltr'>tractatas</span> <span class='ocrx_word' id='word_1_76' title='bbox 1032 1266 1064 1326; x_wconf 90' lang='lat' dir='ltr'>et</span> <span class='ocrx_word' id='word_1_77' title='bbox 1087 1260 1127 1326; x_wconf 88' lang='lat' dir='ltr'>ad</span> <span class='ocrx_word' id='word_1_78' title='bbox 1145 1283 1378 1346; x_wconf 89' lang='lat' dir='ltr'>quemcumque</span> 
     </span>
     <span class='ocr_line' id='line_1_10' title="bbox 205 1369 1377 1456; baseline -0.003 -21"><span class='ocrx_word' id='word_1_79' title='bbox 205 1393 332 1435; x_wconf 86' lang='lat' dir='ltr'>versum</span> <span class='ocrx_word' id='word_1_80' title='bbox 359 1371 508 1455; x_wconf 90' lang='lat' dir='ltr'>appictus</span> <span class='ocrx_word' id='word_1_81' title='bbox 536 1370 648 1435; x_wconf 90' lang='lat' dir='ltr'>obelus</span> <span class='ocrx_word' id='word_1_82' title='bbox 677 1374 759 1454; x_wconf 83' lang='lat' dir='ltr'>erat,</span> <span class='ocrx_word' id='word_1_83' title='bbox 786 1371 964 1456; x_wconf 76' lang='lat' dir='ltr'>expositam</span> <span class='ocrx_word' id='word_1_84' title='bbox 994 1391 1062 1435; x_wconf 91' lang='lat' dir='ltr'>esse</span> <span class='ocrx_word' id='word_1_85' title='bbox 1090 1369 1158 1434; x_wconf 91' lang='lat' dir='ltr'>eius</span> <span class='ocrx_word' id='word_1_86' title='bbox 1186 1369 1377 1433; x_wconf 89' lang='lat' dir='ltr'>sententiam</span> 
     </span>
     <span class='ocr_line' id='line_1_11' title="bbox 205 1475 1377 1561; baseline -0.003 -19"><span class='ocrx_word' id='word_1_87' title='bbox 205 1476 386 1542; x_wconf 75' lang='lat' dir='ltr'>Aristarchi</span> <span class='ocrx_word' id='word_1_88' title='bbox 410 1477 591 1541; x_wconf 88' lang='lat' dir='ltr'>rationibus</span> <span class='ocrx_word' id='word_1_89' title='bbox 616 1478 790 1561; x_wconf 84' lang='lat' dir='ltr'>explicetis.</span> <span class='ocrx_word' id='word_1_90' title='bbox 841 1476 995 1561; x_wconf 80' lang='lat' dir='ltr'>Exceptis</span> <span class='ocrx_word' id='word_1_91' title='bbox 1019 1480 1126 1541; x_wconf 87' lang='lat' dir='ltr'>autem</span> <span class='ocrx_word' id='word_1_92' title='bbox 1147 1475 1228 1539; x_wconf 87' lang='lat' dir='ltr'>locis</span> <span class='ocrx_word' id='word_1_93' title='bbox 1253 1475 1377 1539; x_wconf 90' lang='lat' dir='ltr'>duobus</span> 
     </span>
     <span class='ocr_line' id='line_1_12' title="bbox 204 1582 1378 1670; baseline -0.002 -23"><span class='ocrx_word' id='word_1_94' title='bbox 204 1594 290 1648; x_wconf 89' lang='lat' dir='ltr'>nuno</span> <span class='ocrx_word' id='word_1_95' title='bbox 316 1606 383 1649; x_wconf 93' lang='lat' dir='ltr'>non</span> <span class='ocrx_word' id='word_1_96' title='bbox 410 1587 538 1649; x_wconf 89' lang='lat' dir='ltr'>exstant</span> <span class='ocrx_word' id='word_1_97' title='bbox 566 1584 633 1648; x_wconf 92' lang='lat' dir='ltr'>eius</span> <span class='ocrx_word' id='word_1_98' title='bbox 662 1584 696 1647; x_wconf 91' lang='lat' dir='ltr'>id</span> <span class='ocrx_word' id='word_1_99' title='bbox 723 1605 823 1670; x_wconf 86' lang='lat' dir='ltr'>genus</span> <span class='ocrx_word' id='word_1_100' title='bbox 851 1585 1045 1668; x_wconf 80' lang='lat' dir='ltr'>fragmenta,</span> <span class='ocrx_word' id='word_1_101' title='bbox 1068 1582 1154 1667; x_wconf 88' lang='lat' dir='ltr'>quod</span> <span class='ocrx_word' id='word_1_102' title='bbox 1178 1582 1257 1647; x_wconf 87' lang='lat' dir='ltr'>talia</span> <span class='ocrx_word' id='word_1_103' title='bbox 1279 1585 1317 1646; x_wconf 89' lang='lat' dir='ltr'>ut</span> <span class='ocrx_word' id='word_1_104' title='bbox 1340 1582 1378 1645; x_wconf 89' lang='lat' dir='ltr'>de</span> 
     </span>
     <span class='ocr_line' id='line_1_13' title="bbox 206 1687 1378 1777; baseline -0.001 -24"><span class='ocrx_word' id='word_1_105' title='bbox 206 1689 347 1755; x_wconf 87' lang='lat' dir='ltr'>Homero</span> <span class='ocrx_word' id='word_1_106' title='bbox 377 1688 430 1777; x_wconf 81' lang='lat' dir='ltr'>(of.</span> <span class='ocrx_word' id='word_1_107' title='bbox 454 1689 691 1773; x_wconf 81' lang='lat' dir='ltr'>Ludwichium,</span> <span class='ocrx_word' id='word_1_108' title='bbox 713 1688 813 1754; x_wconf 88' lang='lat' dir='ltr'>Arist.</span> <span class='ocrx_word' id='word_1_109' title='bbox 834 1689 920 1754; x_wconf 91' lang='lat' dir='ltr'>hom.</span> <span class='ocrx_word' id='word_1_110' title='bbox 942 1689 1071 1754; x_wconf 85' lang='lat' dir='ltr'>Textkr.</span> <span class='ocrx_word' id='word_1_111' title='bbox 1086 1687 1103 1752; x_wconf 94' lang='lat' dir='ltr'>I</span> <span class='ocrx_word' id='word_1_112' title='bbox 1116 1713 1146 1774; x_wconf 90' lang='lat' dir='ltr'>p.</span> <span class='ocrx_word' id='word_1_113' title='bbox 1161 1687 1203 1754; x_wconf 84' lang='lat'>58</span> <span class='ocrx_word' id='word_1_114' title='bbox 1215 1687 1308 1776; x_wconf 67' lang='lat' dir='ltr'>sqq),</span> <span class='ocrx_word' id='word_1_115' title='bbox 1331 1689 1378 1753; x_wconf 86' lang='lat' dir='ltr'>ita</span> 
     </span>
     <span class='ocr_line' id='line_1_14' title="bbox 206 1793 1378 1879; baseline -0.001 -19"><span class='ocrx_word' id='word_1_116' title='bbox 206 1797 244 1861; x_wconf 92' lang='lat' dir='ltr'>de</span> <span class='ocrx_word' id='word_1_117' title='bbox 267 1801 359 1862; x_wconf 84' lang='lat' dir='ltr'>textu</span> <span class='ocrx_word' id='word_1_118' title='bbox 377 1796 537 1861; x_wconf 90' lang='lat' dir='ltr'>Hesiodeo</span> <span class='ocrx_word' id='word_1_119' title='bbox 558 1796 684 1861; x_wconf 84' lang='lat' dir='ltr'>facilius</span> <span class='ocrx_word' id='word_1_120' title='bbox 702 1796 908 1861; x_wconf 86' lang='lat' dir='ltr'>inveniebant</span> <span class='ocrx_word' id='word_1_121' title='bbox 926 1799 1128 1879; x_wconf 88' lang='lat' dir='ltr'>excerptores</span> <span class='ocrx_word' id='word_1_122' title='bbox 1147 1796 1181 1860; x_wconf 92' lang='lat' dir='ltr'>in</span> <span class='ocrx_word' id='word_1_123' title='bbox 1199 1793 1378 1860; x_wconf 85' lang='lat' dir='ltr'>Aristonici</span> 
     </span>
     <span class='ocr_line' id='line_1_15' title="bbox 205 1900 1377 1988; baseline -0.002 -21"><span class='ocrx_word' id='word_1_124' title='bbox 205 1904 289 1968; x_wconf 90' lang='lat' dir='ltr'>libro</span> <span class='ocrx_word' id='word_1_125' title='bbox 309 1907 404 1988; x_wconf 89' lang='lat' dir='ltr'>atque</span> <span class='ocrx_word' id='word_1_126' title='bbox 428 1926 465 1967; x_wconf 91' lang='grc'>00</span> <span class='ocrx_word' id='word_1_127' title='bbox 487 1904 556 1967; x_wconf 91' lang='lat' dir='ltr'>eius</span> <span class='ocrx_word' id='word_1_128' title='bbox 578 1925 667 1967; x_wconf 91' lang='lat' dir='ltr'>more</span> <span class='ocrx_word' id='word_1_129' title='bbox 685 1903 782 1988; x_wconf 88' lang='lat' dir='ltr'>longe</span> <span class='ocrx_word' id='word_1_130' title='bbox 805 1902 953 1967; x_wconf 83' lang='lat' dir='ltr'>breviora</span> <span class='ocrx_word' id='word_1_131' title='bbox 972 1925 1069 1987; x_wconf 85' lang='lat' dir='ltr'>quarn</span> <span class='ocrx_word' id='word_1_132' title='bbox 1087 1900 1172 1986; x_wconf 87' lang='lat' dir='ltr'>apud</span> <span class='ocrx_word' id='word_1_133' title='bbox 1189 1900 1377 1986; x_wconf 79' lang='lat' dir='ltr'>Didymum3</span> 
     </span>
     <span class='ocr_line' id='line_1_16' title="bbox 206 2008 1377 2094; baseline 0 -19"><span class='ocrx_word' id='word_1_134' title='bbox 206 2032 301 2094; x_wconf 86' lang='lat' dir='ltr'>quem</span> <span class='ocrx_word' id='word_1_135' title='bbox 324 2032 394 2074; x_wconf 88' lang='lat' dir='ltr'>earn</span> <span class='ocrx_word' id='word_1_136' title='bbox 417 2009 459 2074; x_wconf 92' lang='lat' dir='ltr'>ob</span> <span class='ocrx_word' id='word_1_137' title='bbox 483 2031 613 2074; x_wconf 86' lang='lat' dir='ltr'>eeusem</span> <span class='ocrx_word' id='word_1_138' title='bbox 636 2010 818 2094; x_wconf 90' lang='lat' dir='ltr'>neglectum</span> <span class='ocrx_word' id='word_1_139' title='bbox 836 2032 906 2074; x_wconf 89' lang='lat' dir='ltr'>esse</span> <span class='ocrx_word' id='word_1_140' title='bbox 923 2031 990 2073; x_wconf 93' lang='lat' dir='ltr'>non</span> <span class='ocrx_word' id='word_1_141' title='bbox 1008 2009 1105 2073; x_wconf 91' lang='lat' dir='ltr'>semel</span> <span class='ocrx_word' id='word_1_142' title='bbox 1124 2009 1251 2074; x_wconf 89' lang='lat' dir='ltr'>disertis</span> <span class='ocrx_word' id='word_1_143' title='bbox 1270 2008 1377 2075; x_wconf 88' lang='lat' dir='ltr'>verbis</span> 
     </span>
     <span class='ocr_line' id='line_1_17' title="bbox 205 2114 1379 2200; baseline 0.001 -21"><span class='ocrx_word' id='word_1_144' title='bbox 205 2116 327 2179; x_wconf 90' lang='lat' dir='ltr'>dictum</span> <span class='ocrx_word' id='word_1_145' title='bbox 354 2116 388 2179; x_wconf 90' lang='lat' dir='ltr'>in</span> <span class='ocrx_word' id='word_1_146' title='bbox 417 2114 548 2179; x_wconf 87' lang='lat' dir='ltr'>scholiis</span> <span class='ocrx_word' id='word_1_147' title='bbox 576 2115 766 2180; x_wconf 87' lang='lat' dir='ltr'>Homericis.</span> <span class='ocrx_word' id='word_1_148' title='bbox 812 2114 905 2180; x_wconf 90' lang='lat' dir='ltr'>Hanc</span> <span class='ocrx_word' id='word_1_149' title='bbox 932 2114 1033 2200; x_wconf 89' lang='lat' dir='ltr'>igitur</span> <span class='ocrx_word' id='word_1_150' title='bbox 1056 2115 1098 2180; x_wconf 93' lang='lat' dir='ltr'>ob</span> <span class='ocrx_word' id='word_1_151' title='bbox 1125 2137 1193 2180; x_wconf 91' lang='lat' dir='ltr'>rem</span> <span class='ocrx_word' id='word_1_152' title='bbox 1220 2114 1379 2199; x_wconf 87' lang='lat' dir='ltr'>Didymea</span> 
     </span>
     <span class='ocr_line' id='line_1_18' title="bbox 205 2219 1378 2309; baseline 0.002 -24"><span class='ocrx_word' id='word_1_153' title='bbox 205 2222 386 2308; x_wconf 77' lang='lat' dir='ltr'>fragmenta</span> <span class='ocrx_word' id='word_1_154' title='bbox 408 2222 480 2306; x_wconf 87' lang='lat' dir='ltr'>ipsa</span> <span class='ocrx_word' id='word_1_155' title='bbox 503 2221 543 2286; x_wconf 89' lang='lat' dir='ltr'>ed</span> <span class='ocrx_word' id='word_1_156' title='bbox 560 2244 589 2287; x_wconf 84' lang='lat' dir='ltr'>v.</span> <span class='ocrx_word' id='word_1_157' title='bbox 604 2221 657 2307; x_wconf 83' lang='lat'>51,</span> <span class='ocrx_word' id='word_1_158' title='bbox 677 2223 729 2309; x_wconf 84' lang='grc'>70,</span> <span class='ocrx_word' id='word_1_159' title='bbox 750 2223 823 2308; x_wconf 90' lang='grc'>104,</span> <span class='ocrx_word' id='word_1_160' title='bbox 844 2221 907 2286; x_wconf 85' lang='grc'>105</span> <span class='ocrx_word' id='word_1_161' title='bbox 919 2219 974 2309; x_wconf 80' lang='grc'>(7),</span> <span class='ocrx_word' id='word_1_162' title='bbox 993 2221 1059 2286; x_wconf 82' lang='grc'>210</span> <span class='ocrx_word' id='word_1_163' title='bbox 1068 2244 1125 2306; x_wconf 74' lang='lat' dir='ltr'>sq,</span> <span class='ocrx_word' id='word_1_164' title='bbox 1148 2222 1223 2309; x_wconf 88' lang='grc'>370,</span> <span class='ocrx_word' id='word_1_165' title='bbox 1241 2222 1315 2306; x_wconf 87' lang='grc'>378,</span> <span class='ocrx_word' id='word_1_166' title='bbox 1339 2223 1378 2287; x_wconf 86' lang='lat' dir='ltr'>ad</span> 
     </span>
     <span class='ocr_line' id='line_1_19' title="bbox 206 2327 1378 2413; baseline 0.001 -21"><span class='ocrx_word' id='word_1_167' title='bbox 206 2351 287 2413; x_wconf 87' lang='lat' dir='ltr'>quos</span> <span class='ocrx_word' id='word_1_168' title='bbox 310 2328 448 2393; x_wconf 84' lang='lat' dir='ltr'>vidimus</span> <span class='ocrx_word' id='word_1_169' title='bbox 472 2327 582 2393; x_wconf 90' lang='lat' dir='ltr'>obelos</span> <span class='ocrx_word' id='word_1_170' title='bbox 608 2329 708 2393; x_wconf 83' lang='lat' dir='ltr'>fuisse</span> <span class='ocrx_word' id='word_1_171' title='bbox 736 2328 916 2413; x_wconf 89' lang='lat' dir='ltr'>adscriptos</span> <span class='ocrx_word' id='word_1_172' title='bbox 944 2327 1183 2413; x_wconf 85' lang='lat' dir='ltr'>Aristarcheos‚</span> <span class='ocrx_word' id='word_1_173' title='bbox 1210 2350 1276 2393; x_wconf 92' lang='lat' dir='ltr'>non</span> <span class='ocrx_word' id='word_1_174' title='bbox 1302 2328 1378 2393; x_wconf 90' lang='lat' dir='ltr'>licet</span> 
     </span>
     <span class='ocr_line' id='line_1_20' title="bbox 205 2434 1377 2520; baseline 0.001 -22"><span class='ocrx_word' id='word_1_175' title='bbox 205 2436 376 2500; x_wconf 89' lang='lat' dir='ltr'>restituere</span> <span class='ocrx_word' id='word_1_176' title='bbox 399 2457 503 2519; x_wconf 87' lang='lat' dir='ltr'>neque</span> <span class='ocrx_word' id='word_1_177' title='bbox 526 2436 594 2499; x_wconf 90' lang='lat' dir='ltr'>eius</span> <span class='ocrx_word' id='word_1_178' title='bbox 619 2436 811 2500; x_wconf 88' lang='lat' dir='ltr'>sententiam</span> <span class='ocrx_word' id='word_1_179' title='bbox 830 2434 1037 2500; x_wconf 89' lang='lat' dir='ltr'>coniectando</span> <span class='ocrx_word' id='word_1_180' title='bbox 1057 2436 1198 2520; x_wconf 81' lang='lat' dir='ltr'>assequi3</span> <span class='ocrx_word' id='word_1_181' title='bbox 1217 2436 1271 2499; x_wconf 90' lang='lat' dir='ltr'>sed</span> <span class='ocrx_word' id='word_1_182' title='bbox 1289 2439 1377 2500; x_wconf 89' lang='lat' dir='ltr'>certo</span> 
     </span>
     <span class='ocr_line' id='line_1_21' title="bbox 207 2539 1377 2625; baseline 0.001 -21"><span class='ocrx_word' id='word_1_183' title='bbox 207 2542 245 2605; x_wconf 92' lang='lat' dir='ltr'>de</span> <span class='ocrx_word' id='word_1_184' title='bbox 271 2539 324 2605; x_wconf 92' lang='lat' dir='ltr'>his</span> <span class='ocrx_word' id='word_1_185' title='bbox 353 2542 434 2606; x_wconf 87' lang='lat' dir='ltr'>locis</span> <span class='ocrx_word' id='word_1_186' title='bbox 462 2541 647 2624; x_wconf 86' lang='lat' dir='ltr'>disputavit.</span> <span class='ocrx_word' id='word_1_187' title='bbox 701 2541 854 2606; x_wconf 92' lang='lat' dir='ltr'>Pluribus</span> <span class='ocrx_word' id='word_1_188' title='bbox 881 2542 962 2606; x_wconf 91' lang='lat' dir='ltr'>locis</span> <span class='ocrx_word' id='word_1_189' title='bbox 990 2541 1128 2606; x_wconf 79' lang='lat' dir='ltr'>fortasse</span> <span class='ocrx_word' id='word_1_190' title='bbox 1151 2541 1214 2625; x_wconf 91' lang='lat' dir='ltr'>ipsi</span> <span class='ocrx_word' id='word_1_191' title='bbox 1239 2540 1377 2606; x_wconf 83' lang='grc'>0110010-</span> 
     </span>
     <span class='ocr_line' id='line_1_22' title="bbox 206 2647 1378 2734; baseline 0.002 -23"><span class='ocrx_word' id='word_1_192' title='bbox 206 2647 304 2713; x_wconf 90' lang='lat' dir='ltr'>bosco</span> <span class='ocrx_word' id='word_1_193' title='bbox 334 2648 451 2713; x_wconf 87' lang='lat' dir='ltr'>dictam</span> <span class='ocrx_word' id='word_1_194' title='bbox 480 2647 521 2712; x_wconf 91' lang='lat' dir='ltr'>ob</span> <span class='ocrx_word' id='word_1_195' title='bbox 550 2670 679 2713; x_wconf 88' lang='lat' dir='ltr'>eausam</span> <span class='ocrx_word' id='word_1_196' title='bbox 705 2671 773 2713; x_wconf 92' lang='lat' dir='ltr'>non</span> <span class='ocrx_word' id='word_1_197' title='bbox 799 2650 864 2713; x_wconf 90' lang='lat' dir='ltr'>iem</span> <span class='ocrx_word' id='word_1_198' title='bbox 890 2648 1009 2713; x_wconf 87' lang='lat' dir='ltr'>licebat</span> <span class='ocrx_word' id='word_1_199' title='bbox 1032 2647 1163 2732; x_wconf 87' lang='lat' dir='ltr'>Didymi</span> <span class='ocrx_word' id='word_1_200' title='bbox 1186 2669 1378 2734; x_wconf 79' lang='lat' dir='ltr'>cognoscere</span> 
     </span>
     <span class='ocr_line' id='line_1_23' title="bbox 208 2754 401 2838; baseline 0.01 -20"><span class='ocrx_word' id='word_1_201' title='bbox 208 2754 401 2838; x_wconf 89' lang='lat' dir='ltr'>opinionem.</span> 
     </span>
    </p>

    <p class='ocr_par' dir='ltr' id='par_1_3' title="bbox 206 2860 1379 3803">
     <span class='ocr_line' id='line_1_24' title="bbox 295 2860 1378 2949; baseline 0.002 -24"><span class='ocrx_word' id='word_1_202' title='bbox 295 2860 333 2925; x_wconf 91' lang='lat' dir='ltr'>In</span> <span class='ocrx_word' id='word_1_203' title='bbox 357 2861 437 2946; x_wconf 90' lang='lat' dir='ltr'>ipsis</span> <span class='ocrx_word' id='word_1_204' title='bbox 460 2862 708 2948; x_wconf 88' lang='lat' dir='ltr'>prolegomenis,</span> <span class='ocrx_word' id='word_1_205' title='bbox 731 2885 812 2947; x_wconf 87' lang='lat' dir='ltr'>quae</span> <span class='ocrx_word' id='word_1_206' title='bbox 835 2866 911 2926; x_wconf 90' lang='lat' dir='ltr'>sunt</span> <span class='ocrx_word' id='word_1_207' title='bbox 934 2862 971 2926; x_wconf 92' lang='lat' dir='ltr'>de</span> <span class='ocrx_word' id='word_1_208' title='bbox 995 2861 1150 2927; x_wconf 82' lang='lat' dir='ltr'>divisione</span> <span class='ocrx_word' id='word_1_209' title='bbox 1168 2884 1311 2949; x_wconf 87' lang='lat' dir='ltr'>poeseos,</span> <span class='ocrx_word' id='word_1_210' title='bbox 1333 2863 1378 2927; x_wconf 86' lang='lat' dir='ltr'>vi-</span> 
     </span>
     <span class='ocr_line' id='line_1_25' title="bbox 206 2967 1377 3056; baseline 0.002 -26"><span class='ocrx_word' id='word_1_211' title='bbox 206 2967 322 3032; x_wconf 90' lang='lat' dir='ltr'>dentur</span> <span class='ocrx_word' id='word_1_212' title='bbox 335 2990 373 3032; x_wconf 90' lang='lat' dir='ltr'>ex</span> <span class='ocrx_word' id='word_1_213' title='bbox 387 2972 479 3055; x_wconf 84' lang='lat' dir='ltr'>parte</span> <span class='ocrx_word' id='word_1_214' title='bbox 494 2992 555 3056; x_wconf 87' lang='lat' dir='ltr'>res,</span> <span class='ocrx_word' id='word_1_215' title='bbox 567 2991 643 3033; x_wconf 84' lang='lat' dir='ltr'>narn</span> <span class='ocrx_word' id='word_1_216' title='bbox 652 2969 750 3034; x_wconf 86' lang='lat' dir='ltr'>verba</span> <span class='ocrx_word' id='word_1_217' title='bbox 759 2969 861 3054; x_wconf 90' lang='lat' dir='ltr'>ipsius</span> <span class='ocrx_word' id='word_1_218' title='bbox 872 2971 949 3033; x_wconf 89' lang='lat' dir='ltr'>sunt</span> <span class='ocrx_word' id='word_1_219' title='bbox 961 2967 1210 3055; x_wconf 83' lang='lat' dir='ltr'>Ohoerobosei,e</span> <span class='ocrx_word' id='word_1_220' title='bbox 1220 2967 1377 3052; x_wconf 90' lang='lat' dir='ltr'>Didymeo</span> 
     </span>
     <span class='ocr_line' id='line_1_26' title="bbox 207 3075 1377 3162; baseline 0.002 -25"><span class='ocrx_word' id='word_1_221' title='bbox 207 3076 435 3139; x_wconf 86' lang='lat' dir='ltr'>commentario</span> <span class='ocrx_word' id='word_1_222' title='bbox 450 3075 590 3141; x_wconf 86' lang='lat' dir='ltr'>fluxisse.</span> <span class='ocrx_word' id='word_1_223' title='bbox 619 3075 691 3140; x_wconf 94' lang='lat' dir='ltr'>Hoc</span> <span class='ocrx_word' id='word_1_224' title='bbox 701 3076 816 3140; x_wconf 81' lang='lat' dir='ltr'>saltem</span> <span class='ocrx_word' id='word_1_225' title='bbox 825 3079 961 3162; x_wconf 86' lang='lat' dir='ltr'>constet,</span> <span class='ocrx_word' id='word_1_226' title='bbox 971 3097 1044 3141; x_wconf 88' lang='lat' dir='ltr'>curn</span> <span class='ocrx_word' id='word_1_227' title='bbox 1052 3075 1253 3141; x_wconf 84' lang='lat' dir='ltr'>inveniemus</span> <span class='ocrx_word' id='word_1_228' title='bbox 1263 3075 1377 3139; x_wconf 91' lang='lat' dir='ltr'>similis</span> 
     </span>
     <span class='ocr_line' id='line_1_27' title="bbox 206 3180 1379 3269; baseline 0.003 -26"><span class='ocrx_word' id='word_1_229' title='bbox 206 3180 240 3243; x_wconf 93' lang='lat' dir='ltr'>in</span> <span class='ocrx_word' id='word_1_230' title='bbox 263 3180 327 3245; x_wconf 90' lang='lat' dir='ltr'>tria</span> <span class='ocrx_word' id='word_1_231' title='bbox 345 3202 463 3266; x_wconf 88' lang='lat' dir='ltr'>genera</span> <span class='ocrx_word' id='word_1_232' title='bbox 482 3182 649 3248; x_wconf 87' lang='lat' dir='ltr'>divisionis</span> <span class='ocrx_word' id='word_1_233' title='bbox 667 3183 804 3269; x_wconf 88' lang='lat' dir='ltr'>vestigia</span> <span class='ocrx_word' id='word_1_234' title='bbox 823 3183 920 3247; x_wconf 90' lang='lat' dir='ltr'>etiam</span> <span class='ocrx_word' id='word_1_235' title='bbox 933 3183 968 3247; x_wconf 93' lang='lat' dir='ltr'>in</span> <span class='ocrx_word' id='word_1_236' title='bbox 983 3182 1113 3248; x_wconf 88' lang='lat' dir='ltr'>scholiis</span> <span class='ocrx_word' id='word_1_237' title='bbox 1128 3182 1308 3247; x_wconf 87' lang='lat' dir='ltr'>Homericis</span> <span class='ocrx_word' id='word_1_238' title='bbox 1327 3182 1379 3259; x_wconf 86' lang='lat' dir='ltr'>(ad</span> 
     </span>
     <span class='ocr_line' id='line_1_28' title="bbox 207 3286 1378 3376; baseline 0.002 -25"><span class='ocrx_word' id='word_1_239' title='bbox 207 3293 238 3351; x_wconf 86' lang='grc' dir='ltr'><em>Α</em></span> <span class='ocrx_word' id='word_1_240' title='bbox 250 3288 291 3351; x_wconf 85' lang='grc'>16</span> <span class='ocrx_word' id='word_1_241' title='bbox 306 3291 338 3351; x_wconf 90' lang='lat' dir='ltr'>et</span> <span class='ocrx_word' id='word_1_242' title='bbox 354 3286 461 3376; x_wconf 77' lang='lat'>246),</span> <span class='ocrx_word' id='word_1_243' title='bbox 480 3288 520 3353; x_wconf 90' lang='lat' dir='ltr'>ad</span> <span class='ocrx_word' id='word_1_244' title='bbox 534 3290 669 3354; x_wconf 91' lang='lat' dir='ltr'>eundem</span> <span class='ocrx_word' id='word_1_245' title='bbox 687 3290 811 3354; x_wconf 88' lang='lat' dir='ltr'>fontem</span> <span class='ocrx_word' id='word_1_246' title='bbox 828 3289 882 3353; x_wconf 89' lang='lat' dir='ltr'>hic</span> <span class='ocrx_word' id='word_1_247' title='bbox 899 3312 959 3355; x_wconf 90' lang='lat' dir='ltr'>nos</span> <span class='ocrx_word' id='word_1_248' title='bbox 979 3291 1061 3374; x_wconf 88' lang='lat' dir='ltr'>duci,</span> <span class='ocrx_word' id='word_1_249' title='bbox 1079 3289 1119 3353; x_wconf 86' lang='lat' dir='ltr'>ad</span> <span class='ocrx_word' id='word_1_250' title='bbox 1138 3289 1260 3354; x_wconf 83' lang='lat' dir='ltr'>scholis</span> <span class='ocrx_word' id='word_1_251' title='bbox 1278 3292 1378 3353; x_wconf 89' lang='lat' dir='ltr'>veter-</span> 
     </span>
     <span class='ocr_line' id='line_1_29' title="bbox 207 3393 1379 3481; baseline 0.003 -24"><span class='ocrx_word' id='word_1_252' title='bbox 207 3394 288 3458; x_wconf 90' lang='lat' dir='ltr'>rima</span> <span class='ocrx_word' id='word_1_253' title='bbox 310 3393 478 3459; x_wconf 79' lang='lat' dir='ltr'>Hesiodea,</span> <span class='ocrx_word' id='word_1_254' title='bbox 523 3394 593 3460; x_wconf 92' lang='lat' dir='ltr'>lam</span> <span class='ocrx_word' id='word_1_255' title='bbox 616 3418 680 3481; x_wconf 90' lang='lat' dir='ltr'>quo</span> <span class='ocrx_word' id='word_1_256' title='bbox 705 3419 743 3461; x_wconf 91' lang='lat' dir='ltr'>ex</span> <span class='ocrx_word' id='word_1_257' title='bbox 766 3397 855 3460; x_wconf 88' lang='lat' dir='ltr'>fonte</span> <span class='ocrx_word' id='word_1_258' title='bbox 879 3396 1070 3462; x_wconf 82' lang='lat' dir='ltr'>scholiastae</span> <span class='ocrx_word' id='word_1_259' title='bbox 1092 3395 1292 3481; x_wconf 90' lang='lat' dir='ltr'>probabilius</span> <span class='ocrx_word' id='word_1_260' title='bbox 1314 3417 1379 3460; x_wconf 77' lang='grc'>010</span> 
     </span>
     <span class='ocr_line' id='line_1_30' title="bbox 207 3499 1379 3589; baseline 0.005 -27"><span class='ocrx_word' id='word_1_261' title='bbox 207 3499 319 3564; x_wconf 92' lang='lat' dir='ltr'>damus</span> <span class='ocrx_word' id='word_1_262' title='bbox 339 3501 376 3565; x_wconf 91' lang='lat' dir='ltr'>de</span> <span class='ocrx_word' id='word_1_263' title='bbox 395 3500 456 3565; x_wconf 90' lang='lat' dir='ltr'>hac</span> <span class='ocrx_word' id='word_1_264' title='bbox 474 3523 518 3587; x_wconf 89' lang='lat' dir='ltr'>re,</span> <span class='ocrx_word' id='word_1_265' title='bbox 537 3524 618 3585; x_wconf 88' lang='lat' dir='ltr'>quae</span> <span class='ocrx_word' id='word_1_266' title='bbox 637 3502 799 3589; x_wconf 79' lang='lat' dir='ltr'>exhibent,</span> <span class='ocrx_word' id='word_1_267' title='bbox 816 3503 963 3567; x_wconf 88' lang='lat' dir='ltr'>hausisse</span> <span class='ocrx_word' id='word_1_268' title='bbox 980 3525 1077 3587; x_wconf 90' lang='lat' dir='ltr'>quarn</span> <span class='ocrx_word' id='word_1_269' title='bbox 1092 3525 1109 3567; x_wconf 98' lang='lat' dir='ltr'>e</span> <span class='ocrx_word' id='word_1_270' title='bbox 1123 3501 1280 3587; x_wconf 91' lang='lat' dir='ltr'>Didymeo</span> <span class='ocrx_word' id='word_1_271' title='bbox 1295 3523 1379 3568; x_wconf 89' lang='lat' dir='ltr'>corn-</span> 
     </span>
     <span class='ocr_line' id='line_1_31' title="bbox 206 3604 1379 3693; baseline 0.003 -24"><span class='ocrx_word' id='word_1_272' title='bbox 206 3606 388 3670; x_wconf 79' lang='lat' dir='ltr'>menterio?</span> <span class='ocrx_word' id='word_1_273' title='bbox 433 3604 548 3690; x_wconf 89' lang='lat' dir='ltr'>Neque</span> <span class='ocrx_word' id='word_1_274' title='bbox 569 3606 624 3672; x_wconf 93' lang='lat' dir='ltr'>hic</span> <span class='ocrx_word' id='word_1_275' title='bbox 646 3608 709 3672; x_wconf 81' lang='lat' dir='ltr'>fuit</span> <span class='ocrx_word' id='word_1_276' title='bbox 732 3610 982 3673; x_wconf 87' lang='lat' dir='ltr'>commentarius</span> <span class='ocrx_word' id='word_1_277' title='bbox 1010 3608 1216 3693; x_wconf 80' lang='lat' dir='ltr'>Homericus3</span> <span class='ocrx_word' id='word_1_278' title='bbox 1243 3632 1318 3673; x_wconf 91' lang='lat' dir='ltr'>nam</span> <span class='ocrx_word' id='word_1_279' title='bbox 1346 3609 1379 3672; x_wconf 90' lang='lat' dir='ltr'>id</span> 
     </span>
     <span class='ocr_line' id='line_1_32' title="bbox 207 3713 1378 3803; baseline 0.002 -28"><span class='ocrx_word' id='word_1_280' title='bbox 207 3733 332 3803; x_wconf 82' lang='lat' dir='ltr'>semper</span> <span class='ocrx_word' id='word_1_281' title='bbox 358 3713 540 3797; x_wconf 90' lang='lat' dir='ltr'>tenendum,</span> <span class='ocrx_word' id='word_1_282' title='bbox 562 3714 596 3777; x_wconf 93' lang='lat' dir='ltr'>in</span> <span class='ocrx_word' id='word_1_283' title='bbox 618 3713 800 3779; x_wconf 90' lang='lat' dir='ltr'>Homericis</span> <span class='ocrx_word' id='word_1_284' title='bbox 830 3715 961 3779; x_wconf 89' lang='lat' dir='ltr'>scholiis</span> <span class='ocrx_word' id='word_1_285' title='bbox 986 3715 1182 3798; x_wconf 90' lang='lat' dir='ltr'>exscriptum</span> <span class='ocrx_word' id='word_1_286' title='bbox 1205 3736 1274 3779; x_wconf 90' lang='grc'>0000</span> <span class='ocrx_word' id='word_1_287' title='bbox 1297 3736 1378 3798; x_wconf 91' lang='lat' dir='ltr'>opus</span> 
     </span>
    </p>
   </div>
   <div class='ocr_carea' id='block_1_3' title="bbox 200 3816 1379 4547">
    <p class='ocr_par' dir='ltr' id='par_1_4' title="bbox 206 3816 1379 4438">
     <span class='ocr_line' id='line_1_33' title="bbox 206 3816 1379 3904; baseline 0.003 -24"><span class='ocrx_word' id='word_1_288' title='bbox 206 3816 414 3902; x_wconf 88' lang='lat' dir='ltr'>Didymeum,</span> <span class='ocrx_word' id='word_1_289' title='bbox 442 3840 505 3901; x_wconf 90' lang='lat' dir='ltr'>quo</span> <span class='ocrx_word' id='word_1_290' title='bbox 539 3824 687 3904; x_wconf 80' lang='lat' dir='ltr'>ageretur</span> <span class='ocrx_word' id='word_1_291' title='bbox 718 3821 811 3884; x_wconf 87' lang='lat' dir='ltr'>unice</span> <span class='ocrx_word' id='word_1_292' title='bbox 837 3820 889 3885; x_wconf 87' lang='lat' dir='ltr'>vel</span> <span class='ocrx_word' id='word_1_293' title='bbox 915 3821 1084 3903; x_wconf 86' lang='lat' dir='ltr'>praecipue</span> <span class='ocrx_word' id='word_1_294' title='bbox 1112 3819 1150 3883; x_wconf 89' lang='lat' dir='ltr'>de</span> <span class='ocrx_word' id='word_1_295' title='bbox 1172 3818 1379 3884; x_wconf 82' lang='lat' dir='ltr'>Aristarchea</span> 
     </span>
     <span class='ocr_line' id='line_1_34' title="bbox 208 3922 1378 4011; baseline 0.003 -24"><span class='ocrx_word' id='word_1_296' title='bbox 208 3922 380 3988; x_wconf 81' lang='lat' dir='ltr'>Homerios</span> <span class='ocrx_word' id='word_1_297' title='bbox 403 3923 562 3990; x_wconf 89' lang='lat' dir='ltr'>diorthosi</span> <span class='ocrx_word' id='word_1_298' title='bbox 579 3926 670 3990; x_wconf 89' lang='lat' dir='ltr'>nulla</span> <span class='ocrx_word' id='word_1_299' title='bbox 688 3926 796 3991; x_wconf 86' lang='lat' dir='ltr'>addita</span> <span class='ocrx_word' id='word_1_300' title='bbox 814 3926 933 3990; x_wconf 88' lang='lat' dir='ltr'>fusiore</span> <span class='ocrx_word' id='word_1_301' title='bbox 951 3925 1183 4011; x_wconf 80' lang='lat' dir='ltr'>disputatione3</span> <span class='ocrx_word' id='word_1_302' title='bbox 1201 3925 1378 3991; x_wconf 89' lang='lat' dir='ltr'>Hesiodeos</span> 
     </span>
     <span class='ocr_line' id='line_1_35' title="bbox 208 4030 1378 4119; baseline 0.002 -25"><span class='ocrx_word' id='word_1_303' title='bbox 208 4034 320 4095; x_wconf 88' lang='lat' dir='ltr'>contra</span> <span class='ocrx_word' id='word_1_304' title='bbox 343 4030 411 4095; x_wconf 90' lang='grc'>01110</span> <span class='ocrx_word' id='word_1_305' title='bbox 434 4032 691 4117; x_wconf 82' lang='lat' dir='ltr'>commentarios,</span> <span class='ocrx_word' id='word_1_306' title='bbox 714 4032 832 4116; x_wconf 88' lang='lat' dir='ltr'>quihus</span> <span class='ocrx_word' id='word_1_307' title='bbox 856 4031 978 4096; x_wconf 90' lang='lat' dir='ltr'>scholia</span> <span class='ocrx_word' id='word_1_308' title='bbox 996 4032 1157 4119; x_wconf 89' lang='lat' dir='ltr'>debemus,</span> <span class='ocrx_word' id='word_1_309' title='bbox 1174 4032 1378 4117; x_wconf 89' lang='lat' dir='ltr'>plenissimos</span> 
     </span>
     <span class='ocr_line' id='line_1_36' title="bbox 208 4137 1378 4224; baseline 0.001 -22"><span class='ocrx_word' id='word_1_310' title='bbox 208 4138 315 4202; x_wconf 83' lang='lat' dir='ltr'>fuisse.</span> <span class='ocrx_word' id='word_1_311' title='bbox 365 4137 410 4202; x_wconf 78' lang='lat' dir='ltr'>nt</span> <span class='ocrx_word' id='word_1_312' title='bbox 438 4138 472 4202; x_wconf 92' lang='lat' dir='ltr'>in</span> <span class='ocrx_word' id='word_1_313' title='bbox 499 4138 551 4202; x_wconf 93' lang='lat' dir='ltr'>his</span> <span class='ocrx_word' id='word_1_314' title='bbox 578 4138 847 4204; x_wconf 83' lang='lat' dir='ltr'>verisimillimum</span> <span class='ocrx_word' id='word_1_315' title='bbox 878 4142 927 4203; x_wconf 90' lang='lat' dir='ltr'>est</span> <span class='ocrx_word' id='word_1_316' title='bbox 955 4161 1028 4203; x_wconf 91' lang='lat' dir='ltr'>eum</span> <span class='ocrx_word' id='word_1_317' title='bbox 1055 4138 1378 4224; x_wconf 73' lang='grc' dir='ltr'>11011ἀκεφάλωςο11</span> 
     </span>
     <span class='ocr_line' id='line_1_37' title="bbox 207 4245 1378 4332; baseline 0.001 -24"><span class='ocrx_word' id='word_1_318' title='bbox 207 4267 274 4309; x_wconf 92' lang='lat' dir='ltr'>rem</span> <span class='ocrx_word' id='word_1_319' title='bbox 308 4245 419 4310; x_wconf 87' lang='lat' dir='ltr'>statim</span> <span class='ocrx_word' id='word_1_320' title='bbox 452 4266 641 4332; x_wconf 88' lang='lat' dir='ltr'>aggressum</span> <span class='ocrx_word' id='word_1_321' title='bbox 673 4267 756 4332; x_wconf 89' lang='lat' dir='ltr'>esse,</span> <span class='ocrx_word' id='word_1_322' title='bbox 788 4246 842 4310; x_wconf 91' lang='lat' dir='ltr'>sed</span> <span class='ocrx_word' id='word_1_323' title='bbox 874 4246 1103 4330; x_wconf 77' lang='lat' dir='ltr'>disputavissse</span> <span class='ocrx_word' id='word_1_324' title='bbox 1135 4246 1233 4310; x_wconf 90' lang='lat' dir='ltr'>etiarn</span> <span class='ocrx_word' id='word_1_325' title='bbox 1261 4246 1299 4310; x_wconf 90' lang='lat' dir='ltr'>de</span> <span class='ocrx_word' id='word_1_326' title='bbox 1326 4245 1378 4309; x_wconf 89' lang='lat' dir='ltr'>his</span> 
     </span>
     <span class='ocr_line' id='line_1_38' title="bbox 209 4351 1237 4438; baseline 0.002 -24"><span class='ocrx_word' id='word_1_327' title='bbox 209 4351 314 4438; x_wconf 90' lang='lat' dir='ltr'>rebus,</span> <span class='ocrx_word' id='word_1_328' title='bbox 337 4374 419 4436; x_wconf 88' lang='lat' dir='ltr'>quae</span> <span class='ocrx_word' id='word_1_329' title='bbox 441 4353 583 4417; x_wconf 89' lang='lat' dir='ltr'>nuncin</span> <span class='ocrx_word' id='word_1_330' title='bbox 605 4352 795 4438; x_wconf 81' lang='lat' dir='ltr'>fragmentis</span> <span class='ocrx_word' id='word_1_331' title='bbox 820 4351 1035 4418; x_wconf 78' lang='lat' dir='ltr'>Choerobosci</span> <span class='ocrx_word' id='word_1_332' title='bbox 1058 4355 1237 4437; x_wconf 87' lang='lat' dir='ltr'>supersunt.</span> 
     </span>
    </p>

    <p class='ocr_par' dir='ltr' id='par_1_5' title="bbox 200 4441 1376 4547">
     <span class='ocr_line' id='line_1_39' title="bbox 200 4441 1376 4547; baseline 0.003 -26"><span class='ocrx_word' id='word_1_333' title='bbox 200 4441 202 4446; x_wconf 35' lang='lat'><strong><em>¹</em></strong></span> <span class='ocrx_word' id='word_1_334' title='bbox 296 4456 349 4521; x_wconf 84' lang='lat' dir='ltr'>Ad</span> <span class='ocrx_word' id='word_1_335' title='bbox 370 4459 439 4522; x_wconf 80' lang='lat' dir='ltr'>y.3</span> <span class='ocrx_word' id='word_1_336' title='bbox 467 4459 589 4523; x_wconf 91' lang='lat' dir='ltr'>multus</span> <span class='ocrx_word' id='word_1_337' title='bbox 612 4463 661 4523; x_wconf 85' lang='lat' dir='ltr'>est</span> <span class='ocrx_word' id='word_1_338' title='bbox 685 4456 929 4523; x_wconf 83' lang='lat' dir='ltr'>Choeroboseus</span> <span class='ocrx_word' id='word_1_339' title='bbox 957 4481 1016 4524; x_wconf 90' lang='lat' dir='ltr'>suo</span> <span class='ocrx_word' id='word_1_340' title='bbox 1043 4481 1132 4547; x_wconf 88' lang='lat' dir='ltr'>more</span> <span class='ocrx_word' id='word_1_341' title='bbox 1159 4459 1194 4523; x_wconf 93' lang='lat' dir='ltr'>in</span> <span class='ocrx_word' id='word_1_342' title='bbox 1220 4458 1376 4525; x_wconf 84' lang='lat' dir='ltr'>vocabulo</span> 
     </span>
    </p>
   </div>
   <div class='ocr_carea' id='block_1_4' title="bbox 0 0 1690 5168">
    <p class='ocr_par' dir='ltr' id='par_1_6' title="bbox 0 0 1690 5168">
     <span class='ocr_line' id='line_1_40' title="bbox 0 0 1690 5168; baseline 0 0"><span class='ocrx_word' id='word_1_343' title='bbox 0 0 1690 5168; x_wconf 95' lang='lat' dir='ltr'> </span> 
     </span>
    </p>
   </div>
  </div>
 </body>
</html>
