3390 5178
321 353 386 417 206
571 353 614 408 De
632 353 754 423 Operum
772 353 897 408 versibus
916 353 953 407 ab
973 353 1097 422 antiquis
1115 353 1248 408 laudatis.

321 516 431 601 quitus
458 518 566 581 iussus
594 520 651 581 est.
698 513 762 580 Sed
784 538 854 581 esse
877 517 975 581 etiam
997 539 1036 581 ex
1059 517 1106 582 eis
1131 517 1269 581 vidimus
1293 539 1390 602 supra
1415 541 1445 602 p.
1465 518 1496 605 9,

320 646 402 707 quae
425 623 497 687 aliis
520 624 555 687 in
576 621 671 687 libris
694 624 921 707 variorumque
945 624 1005 688 sub
1028 623 1159 688 nomine
1181 623 1457 689 circumferantur.

408 729 446 795 In
476 752 604 794 versum
632 730 712 815 308,
742 752 836 814 quem
864 752 936 795 cum
965 730 1173 815 sequentibus
1202 733 1357 815 quattuor
1383 730 1493 796 laudat

321 836 479 902 Stobaeus
501 838 537 901 in
559 836 665 920 capite
687 835 762 919 περὶ
786 840 985 921 φιλοπονίας
1008 835 1116 900 XXIX
1135 838 1155 901 3
1180 834 1224 923 (p.
1245 837 1308 902 627
1324 835 1395 924 Η),
1422 859 1494 902 οοη-

319 945 428 1008 firmat
455 944 511 1009 ille
539 946 647 1028 ἔργον
669 941 699 1008 δ’
729 942 773 1031 (D
798 965 859 1007 οω.
883 940 941 1031 δ’).
966 982 1009 991 --
1032 942 1070 1007 In
1096 967 1125 1008 v.
1145 943 1209 1008 309
1234 943 1393 1009 Stohaeus
1414 944 1494 1029 legit

322 1050 537 1135 ἐργαζόμενος
636 1054 803 1136 φίλτερος,
832 1050 916 1114 idem
945 1055 1050 1115 exstat
1072 1051 1108 1115 in
1130 1049 1175 1135 Ι),
1204 1051 1259 1114 sed
1281 1051 1316 1114 in
1339 1051 1445 1115 codice
1468 1049 1493 1116 C

321 1163 369 1223 est
397 1157 607 1244 ἐργαζόμενοι
707 1160 857 1242 φίλτεροι
887 1154 929 1245 (v.
953 1157 1083 1244 Bacch,
1111 1157 1212 1241 symb.
1235 1157 1328 1243 Prag.
1353 1181 1384 1241 p.
1406 1155 1493 1244 178).

319 1264 413 1342 Quod
436 1265 482 1329 sic
504 1264 729 1350 expediverim,
751 1268 788 1328 ut
811 1286 956 1330 censeam
979 1264 1080 1329 fuisse
1102 1265 1137 1328 in
1155 1264 1329 1348 archetypo
1349 1265 1493 1328 omnium

319 1372 477 1436 librorum
500 1370 735 1436 Hesiodeorum

632 1583 661 1597 ..
677 1584 684 1597 .
702 1500 936 1617 ἐογαζόμενοῗ.
952 1583 959 1595 .
974 1583 981 1597 .
997 1583 1003 1595 .
1020 1502 1183 1618 φίλτεροῗ,

319 1694 575 1759 emendationem
606 1696 712 1757 autem
742 1692 862 1756 factam
891 1695 1024 1777 propter
1053 1714 1184 1756 versum
1216 1691 1291 1779 310,
1322 1693 1376 1776 qui
1408 1695 1492 1756 certe

319 1801 365 1865 ibi
398 1800 507 1865 aderat
539 1800 590 1864 vel
622 1822 719 1883 supra
751 1822 779 1864 v.
804 1800 866 1864 311
902 1800 1041 1883 scriptus
1074 1799 1125 1863 vel
1157 1799 1191 1862 in
1223 1799 1379 1884 margine3
1417 1820 1492 1863 nam

320 1907 414 1973 aliter
441 1929 507 1973 non
535 1906 750 1993 intellegitur,
778 1928 835 1970 cur
862 1907 896 1969 in
918 1906 948 1969 D
978 1907 1021 1970 sit
1045 1906 1199 1992 omissus,
1226 1906 1260 1969 in
1283 1903 1308 1970 C
1332 1905 1493 1991 relegatus

319 2014 360 2078 ad
383 2015 568 2100 marginem,
591 2017 738 2098 receptus
762 2013 803 2077 ab
827 2013 900 2078 aliis
923 2014 958 2077 in
980 2016 1114 2077 textum.
1150 2010 1229 2076 Inde
1246 2033 1322 2077 vero
1340 2012 1493 2076 librarius

318 2121 453 2205 peritior
480 2121 599 2184 codicis
625 2118 650 2183 C
677 2121 849 2204 primarios
877 2120 1045 2204 exscripsit
1072 2141 1222 2184 numeros
1248 2119 1405 2205 plurales,
1436 2119 1493 2202 qui

319 2227 524 2312 aliquomodo
552 2227 617 2290 iam
644 2229 796 2310 poterant
824 2226 983 2312 dignosci,
1016 2231 1086 2291 tum
1115 2226 1278 2291 ‘correxit'
1306 2226 1494 2312 singulares,

319 2356 400 2419 quos
434 2334 490 2398 alii
521 2333 687 2418 exhibent3
719 2334 754 2397 in
784 2333 902 2417 quibus
930 2334 983 2398 vel
1010 2334 1168 2400 Stobaeus
1201 2337 1263 2417 est,
1296 2333 1352 2417 qui
1379 2356 1407 2397 v.
1427 2332 1493 2397 310

318 2442 454 2526 ignorat.
479 2479 521 2487 -
545 2438 621 2505 Non
649 2441 756 2505 differt
779 2463 798 2504 a
821 2441 953 2527 vulgata
975 2463 1087 2505 versus
1111 2441 1174 2505 311
1199 2440 1284 2523 apud
1307 2437 1492 2523 Stobaeum‚

319 2549 478 2632 optimum
507 2548 535 2611 si
564 2548 728 2633 sequimur
755 2548 824 2612 eius
852 2547 972 2612 librum
1000 2546 1078 2634 (duo
1107 2547 1163 2612 alii
1190 2546 1273 2610 male
1296 2545 1418 2633 ἔργον)
1442 2545 1492 2610 vel

318 2656 403 2740 apud
421 2654 668 2739 Xenophontem
690 2653 901 2743 (Memorabl
920 2656 955 2739 2,
978 2653 1027 2719 IH
1045 2678 1076 2739 p.
1093 2654 1135 2718 14
1150 2651 1292 2740 Saupp.).
1325 2652 1492 2717 Invenitur

318 2764 417 2828 etiarn
443 2763 478 2826 in
505 2762 562 2826 illa
589 2762 797 2847 gnomologie
824 2761 984 2847 Parisino,
1016 2762 1107 2826 ouius
1134 2761 1331 2826 mentionem
1358 2759 1491 2823 fecimus

318 2869 358 2932 ad
380 2891 408 2932 v.
429 2869 504 2956 293,
527 2868 613 2952 apud
630 2867 818 2932 Boissonad.
837 2867 955 2933 Anecd.
975 2889 1021 2953 gr.
1037 2866 1053 2931 I
1070 2892 1100 2952 p.
1118 2867 1191 2953 115,
1205 2868 1240 2952 4,
1263 2888 1327 2950 quo
1348 2866 1430 2951 loco,
1453 2869 1491 2929 ut

318 2977 353 3039 in
384 2975 577 3060 quibusdam
609 2974 774 3039 codicibus
806 2974 988 3060 Hesiodeis,
1019 2975 1178 3059 particula
1211 2972 1242 3038 d’
1276 2974 1397 3038 omissa
1429 2977 1491 3057 est3

318 3104 414 3165 quam
446 3081 570 3146 abicere
603 3086 749 3146 vetamur
780 3085 893 3146 metro.
943 3081 1091 3166 Denique
1123 3080 1317 3146 Eustathius
1349 3078 1491 3144 laudavit

316 3187 413 3251 huius
446 3208 556 3251 versus
588 3186 679 3269 prius
711 3186 951 3251 hemistichium
983 3187 1024 3251 ad
1051 3185 1140 3251 Iliad.
1167 3210 1198 3271 p.
1217 3184 1292 3273 250,
1310 3185 1354 3249 45
1387 3189 1419 3250 et
1450 3185 1491 3249 ad

318 3291 432 3376 Odyss.
455 3316 486 3377 p.
508 3293 603 3375 1818,
622 3293 679 3380 30,
707 3293 868 3376 posterius
890 3293 1131 3358 hemistichium
1154 3297 1266 3358 auctor
1288 3293 1396 3377 Etym.
1419 3290 1491 3356 Flo-

316 3399 436 3462 rentini
463 3398 504 3461 ad
530 3421 625 3462 usum
652 3399 741 3464 vocis
769 3398 901 3484 ἀεογειόι
924 3399 1153 3464 illustrandum
1177 3424 1207 3484 p.
1229 3400 1284 3485 13,
1312 3400 1368 3483 qui
1390 3399 1489 3463 incer-

316 3509 387 3568 tum
405 3508 455 3569 est
473 3527 551 3569 num
570 3506 684 3570 debeat
703 3529 760 3571 sua
780 3506 911 3571 scholiis
930 3504 1154 3572 Choerobosci.
1183 3504 1305 3571 Contra
1321 3505 1490 3575 Platonem

317 3608 458 3697 (Charm.
482 3634 513 3696 p.
534 3612 597 3677 163
612 3610 648 3700 b)
668 3612 940 3697 Plutarchumque
965 3611 1007 3701 (v.
1027 3612 1092 3678 Sol.
1112 3612 1147 3700 2)
1170 3634 1237 3677 ηοη
1260 3613 1390 3698 advoco,
1414 3612 1490 3696 quia

316 3717 413 3781 verba
441 3719 511 3803 ipsa
538 3722 653 3803 poetae
679 3740 745 3783 non
772 3719 961 3783 retulerunt.
990 3758 1032 3766 —
1060 3716 1174 3802 Neque
1201 3741 1273 3783 sum
1300 3718 1422 3781 multus
1451 3717 1490 3782 de

315 3845 410 3888 versu
438 3823 503 3887 312
532 3827 564 3887 et
587 3824 666 3909 313,
698 3847 773 3889 ηοω
807 3825 1014 3890 consentiunt
1045 3825 1129 3888 inter
1161 3846 1195 3888 se
1227 3829 1260 3888 et
1292 3846 1365 3889 cum
1396 3824 1490 3889 libris

315 3933 427 3994 testes:
462 3929 635 4017 Stobaeus,
661 3930 854 3996 Plutarchus
882 3929 936 4018 (de
964 3930 1034 3995 aud.
1057 3931 1162 4014 poetis
1185 3954 1215 4015 p.
1234 3931 1278 3994 24
1293 3952 1323 4016 ο,
1346 3928 1423 3994 159
1438 3927 1490 4016 Β),

315 4037 489 4101 scholiasta
507 4037 547 4101 ad
562 4036 751 4103 Callimachi
764 4038 903 4103 similem
915 4060 1044 4102 versum
1056 4037 1175 4122 Hymn.
1187 4035 1256 4102 195
1271 4038 1318 4102 ed
1333 4035 1490 4122 Sohund,

314 4143 508 4208 Eustathius
527 4144 568 4207 ad
587 4142 700 4228 Odyss.
718 4168 749 4229 p.
766 4144 863 4230 1690,
875 4145 929 4231 44,
949 4149 982 4209 et
1001 4145 1039 4208 de
1057 4144 1179 4209 emend.
1197 4145 1265 4210 vita
1283 4166 1368 4211 mon.
1381 4166 1413 4227 p.
1423 4143 1489 4207 230

314 4250 361 4314 ed.
392 4249 505 4335 Tasci,
536 4249 709 4315 scholiasta
737 4251 930 4317 Homericus
961 4252 1001 4316 ad
1031 4251 1140 4317 1360
1169 4249 1216 4340 (II
1238 4274 1268 4335 p.
1287 4250 1353 4315 510
1367 4247 1488 4337 Dina).

314 4356 461 4440 Denique
483 4357 519 4420 in
541 4356 599 4421 illo
623 4357 730 4422 codice
753 4356 928 4423 Harleiano
952 4355 1053 4445 (apud
1076 4356 1263 4422 Crumerum
1280 4355 1399 4421 Anecd.
1417 4356 1488 4421 Par.

314 4461 459 4548 ΙΠ473,
479 4461 550 4550 15),
582 4484 677 4546 quem
708 4465 1028 4530 commemoravimus
1059 4465 1100 4529 ad
1132 4487 1160 4528 v.
1180 4466 1255 4551 277,
1285 4463 1490 4549 neglegentia
