3342 5168
284 328 329 392 24
613 326 655 380 De
672 324 766 381 Procli
783 323 893 379 ratione
911 322 1125 394 interpretandi.

288 493 434 558 κελεύων
466 490 677 575 εὐσχημόνως
710 486 903 572 ἐκπληροῦν.
954 484 1016 550 Vel
1048 507 1130 570 quae
1161 485 1239 550 dicit
1270 485 1310 550 ad
1341 507 1369 550 v.
1395 485 1459 557 794

285 622 316 682 p.
331 595 427 685 403):
445 606 577 663 τοιοῦτο
596 592 659 661 οὖν
678 591 733 661 καί
752 594 789 659 τὸ
809 591 996 662 ἐπιτιθέναι
1014 602 1059 681 τῷ
1077 601 1216 678 κρατῆρι
1230 592 1290 676 τὴν
1305 594 1460 676 οἰνοχόην

287 705 531 789 συμβολικὸν
561 702 775 785 παίδευμα,
807 698 957 765 τουτέστι
990 700 1034 783 μὴ
1063 701 1252 783 ἔμπροσθεν
1279 700 1374 780 άγειν
1401 708 1460 765 τοῦ

286 819 403 877 κοινοῦ
434 810 472 874 τὸ
505 810 602 874 ίθιον.
648 806 689 871 In
716 806 904 891 explioanda
930 805 1069 870 historia
1095 804 1234 869 fabulari
1261 804 1360 869 fuisse
1387 826 1461 870 eum

287 915 490 982 fusissimum
521 914 660 979 vidimus
693 917 725 977 et
758 934 856 997 supra
888 912 928 976 ad
958 935 986 977 v.
1015 914 1032 975 1
1066 933 1084 976 e
1112 909 1291 979 Tuetzianis
1318 910 1398 997 inis,
1428 916 1461 979 et

287 1025 402 1088 docent
434 1022 534 1108 idem,
566 1042 648 1105 quae
680 1019 842 1102 adscripta
873 1021 949 1083 sunt
982 1019 1022 1082 ad
1049 1017 1230 1082 Pandoram
1260 1022 1293 1082 et
1319 1015 1460 1083 Aetates.

287 1128 452 1194 Historias
479 1150 560 1212 quas
588 1127 699 1191 dieunt
721 1125 906 1191 illustrandi
929 1146 1024 1189 eausa
1045 1125 1138 1210 larga
1160 1147 1258 1189 manu
1280 1124 1462 1211 profundit3

289 1236 436 1303 conferas
460 1234 582 1300 scholia
605 1232 766 1317 adscripta
789 1232 829 1297 ad
851 1254 901 1297 vv.
921 1231 995 1315 346,
1014 1231 1090 1317 348,
1109 1231 1183 1316 706,
1203 1230 1277 1317 707,
1296 1230 1369 1315 719,
1389 1232 1463 1317 722,

290 1343 365 1428 760,
387 1342 476 1406 alios.
515 1338 707 1424 Saepissime
729 1337 968 1423 philosophicas
992 1338 1134 1402 rationes
1156 1359 1251 1402 sanae
1274 1337 1463 1421 interpreta-

290 1448 375 1512 tioni
398 1448 596 1532 anteposuit,
618 1446 709 1511 ouius
732 1444 779 1509 rei
801 1444 1093 1509 luculentissimum
1115 1443 1297 1528 exemplum
1319 1444 1463 1510 invenias

291 1555 327 1618 in
353 1553 519 1619 Pandorae
546 1553 656 1618 fabula
683 1575 702 1616 a
728 1551 844 1616 Proalo
872 1551 1040 1636 explicata.
1085 1549 1255 1644 Platonem
1280 1551 1464 1635 saepissime

292 1656 470 1746 adhibetl),
503 1660 572 1724 sine
594 1659 692 1723 dubio
717 1657 795 1722 olim
819 1657 947 1741 saepius
971 1657 1070 1721 etiam
1097 1678 1195 1741 quam
1222 1657 1255 1721 id
1281 1658 1320 1722 fit
1346 1658 1382 1722 in
1408 1657 1463 1742 eis,

291 1789 374 1851 quae
405 1770 544 1832 aetatem
576 1766 734 1831 tulerunt:
766 1764 922 1829 nimirum
953 1763 1032 1828 talia
1062 1763 1188 1828 facilius
1216 1785 1313 1848 quam
1340 1764 1465 1849 reliqua

289 1873 490 1938 interierunt.

379 1978 534 2043 Potuitne
565 1978 641 2044 talis
671 1978 829 2062 interpres
856 1977 895 2042 in
921 1977 1109 2062 explicando
1136 2000 1233 2043 sensu
1262 1978 1464 2064 singulorum

292 2085 537 2170 vocabulorum,
569 2106 609 2149 ne
640 2084 744 2148 dioam
774 2084 809 2148 in
836 2084 952 2169 etymis
978 2083 1170 2168 'quaerendis
1198 2085 1335 2169 offisque
1361 2107 1465 2172 gram·

292 2191 419 2257 matiois
447 2191 543 2256 rebus
566 2190 756 2277 tractandis,
783 2190 922 2255 multum
946 2195 978 2255 et
1000 2191 1056 2256 diu
1079 2193 1222 2258 versari?
1251 2191 1338 2257 Audi
1360 2191 1465 2277 modo,

294 2320 377 2383 quae
400 2298 469 2383 ipse
491 2301 631 2362 testatur
655 2298 695 2362 ad
717 2320 745 2363 v.
765 2296 829 2361 571
855 2295 899 2384 (p.
919 2297 985 2364 335
999 2295 1075 2385 sq.):
1102 2298 1120 2365 ὁ
1143 2295 1204 2383 μὲν
1229 2297 1318 2386 Θρᾷξ
1340 2300 1467 2365 Διονύ-

293 2422 365 2481 σιος
393 2403 480 2482 ἔλεξε
508 2403 684 2490 φερέοικον
711 2406 771 2470 τὸν
793 2408 943 2488 κοχλίαν·
976 2403 1229 2489 ἐπιτιμῆσαιδέ
1249 2424 1354 2491 φησιν
1377 2405 1466 2494 αὐτῷ

292 2535 369 2576 τινα
399 2521 497 2577 τοῦτο
527 2511 659 2594 λέγοντι
683 2509 840 2597 Ἀρκάδα,
872 2506 959 2577 εἶναι
987 2513 1050 2597 γὰρ
1079 2511 1115 2577 ἐν
1140 2509 1294 2600 Ἀρκαδίᾳ
1320 2514 1380 2578 τὸν
1408 2535 1466 2596 φε-

294 2617 442 2703 ρέοικον,
471 2619 553 2703 ὁρᾶν
580 2622 713 2703 μελίττη
741 2617 888 2701 ἐοικότα,
915 2613 1149 2703 σμικρότατον,
1176 2620 1287 2704 κάρφη
1309 2617 1365 2684 καί
1388 2635 1467 2705 συρ-

295 2725 399 2808 φετὸν
427 2718 532 2812 ἑαυτῷ
566 2726 771 2808 συνάγοντα,
803 2730 1072 2807 στεγοποιεῖσθαι
1105 2725 1160 2790 διὰ
1189 2728 1268 2802 τοὺς
1294 2738 1467 2810 χειμῶνας,

293 2835 424 2915 βαίνειν
447 2827 484 2896 δὲ
507 2831 570 2897 ἀνὰ
593 2833 633 2896 τά
656 2833 745 2915 φυτά
768 2830 904 2916 θέρους·
928 2833 987 2896 τὸν
1011 2827 1047 2896 tit
1065 2835 1202 2915 κοχλίαν
1220 2831 1265 2916 μὴ
1283 2836 1466 2916 φαίνεσθαι

293 2937 433 3024 θέρους,
461 2935 533 3004 ἀλλ’
560 2938 685 3005 ὁπόταν
708 2940 832 3023 όμβρος
855 2935 1004 3021 γένηται,
1031 2937 1261 3022 ἀναδυόμενον
1284 2942 1467 3021 φαίνεσθαι

295 3044 351 3108 διὰ
369 3055 437 3109 τῶν
456 3055 573 3128 φυτῶν
591 3048 732 3128 βαίνειν,
751 3042 889 3108 ἕλκοντα
907 3045 945 3110 τὸ
959 3052 1090 3128 κοῦφον
1105 3043 1281 3123 ἐξόπισθεν
1295 3047 1466 3130 ὄστρακον.

293 3160 411 3215 τοῦτο
438 3146 510 3233 μέν
537 3144 609 3214 οὖν
636 3151 739 3226 ὅπως
766 3149 813 3214 ov
841 3152 907 3235 ἔχη
934 3150 1110 3236 χαιρέτω.
1154 3153 1467 3236 παρακελεύεται

296 3252 337 3321 δὲ
365 3256 458 3340 μετὰ
485 3257 629 3321 τούτου
652 3261 719 3321 κτλ.
766 3253 939 3344 Oensesne,
966 3257 1022 3341 qui
1049 3261 1142 3323 tanto
1172 3257 1280 3323 studio
1304 3279 1343 3321 ex
1365 3278 1468 3343 gram-

295 3362 414 3428 matica
446 3362 634 3446 quaestione
666 3363 800 3428 festinat
831 3364 871 3429 ad
899 3365 1133 3431 cohortativam
1161 3388 1253 3431 suam
1279 3365 1469 3449 interpreta-

295 3470 431 3553 tionem,
469 3468 603 3534 eundem
635 3466 802 3554 scripsisse
834 3471 874 3536 ad
906 3495 934 3538 v.
958 3472 1024 3536 408
1049 3469 1093 3558 (p.
1112 3470 1193 3560 260)
1221 3471 1312 3537 haec:
1349 3476 1395 3537 σὺ
1427 3469 1468 3538 aa

297 3585 407 3662 τητᾷ·
434 3574 583 3641 τουτέστι
611 3581 765 3664 στερίσκη
789 3587 850 3643 τοῦ
874 3579 1020 3664 ὀργάνου
1042 3576 1097 3644 καὶ
1120 3589 1181 3645 τοῦ
1204 3582 1317 3663 ἔργον·
1345 3580 1382 3644 τὸ
1406 3580 1468 3664 γὰρ

296 3689 459 3766 τητᾶσθαι
483 3684 520 3748 τὸ
544 3686 775 3768 στερίσκεσθαι
803 3685 901 3768 δηλοῖ
908 3705 914 3718 ·
951 3696 1096 3770 τητῶμαι
1120 3686 1183 3771 γὰρ
1207 3687 1244 3751 τὸ
1267 3696 1401 3771 πρῶτον
1424 3685 1470 3762 ὡς

297 3793 441 3873 βοῶμαι,
471 3786 528 3854 καί
559 3800 640 3876 τητᾷ
672 3792 709 3857 τὸ
742 3791 900 3877 δεύτερον
932 3792 977 3868 ὡς
1003 3796 1066 3878 βοᾷ
1093 3797 1176 3875 κτλ,
1208 3792 1260 3857 vel
1286 3791 1327 3856 ad
1355 3814 1383 3856 v.
1403 3791 1468 3855 302

296 3893 341 3981 (p.
361 3892 443 3982 203)
474 3894 566 3960 haee:
598 3898 694 3980 λιμὸς
725 3904 873 3981 θηλικῶς
906 3897 1034 3980 λέγεται
1065 3899 1154 3983 παρὰ
1181 3911 1252 3976 τοῖς
1278 3898 1469 3983 Δωριεῦσιῖ

299 4001 420 4067 Tamen
441 4023 508 4066 non
530 4002 637 4067 minus
659 4002 738 4068 haee
762 4004 821 4068 sub
842 4004 973 4069 nomine
991 4004 1098 4069 Prooli
1117 4009 1255 4092 exstant,
1276 4026 1343 4069 non
1361 4004 1469 4069 addito

297 4109 415 4184 άλλως.
460 4106 531 4172 Iam
558 4130 631 4172 oum
654 4110 694 4173 ad
716 4133 745 4173 v.
765 4110 829 4176 308
854 4108 898 4196 (p.
918 4108 1012 4198 206),
1035 4115 1072 4176 ut
1095 4111 1277 4195 exemplum
1299 4110 1470 4195 proferam,

299 4213 404 4278 multa
431 4212 469 4277 de
496 4235 558 4277 usu
585 4214 734 4280 vocabuli
760 4218 841 4300 ἔργα
868 4216 1053 4282 tribuantur
1080 4217 1209 4304 Proelo,
1236 4217 1346 4283 eadem
1372 4218 1470 4303 paulo

388 4443 414 4512 1)
433 4440 473 4497 cf.
493 4442 531 4496 ad
548 4460 593 4497 vv.
610 4447 651 4513 15,
670 4448 789 4513 41,111,
809 4449 869 4515 198,
888 4450 948 4517 ata,
967 4451 1028 4516 308,
1047 4445 1119 4501 alios
1137 4463 1242 4502 versus.
