3342 5168
300 319 340 383 18
572 318 614 373 De
633 316 767 387 ampliore
786 316 854 372 olim
871 317 964 371 Procli
983 317 1190 372 commentario.

299 477 425 567 affero):
457 480 514 544 illa
544 480 693 545 adeamus
717 480 895 566 Tnetziana‚
917 480 953 543 in
980 479 1098 563 quibus
1127 482 1213 543 certa
1240 479 1351 543 insunt
1378 500 1470 565 argu·

298 590 421 672 menta,
456 588 540 651 unde
572 587 730 651 discamus
763 609 836 650 eum
867 585 975 650 Procli
1006 586 1128 651 scholia
1159 587 1288 650 novisse
1320 585 1470 650 uberiora

299 714 396 778 quam
423 715 508 757 nunc
540 688 623 757 sunt.
675 690 793 757 Statim
822 693 862 756 ad
889 715 917 757 v.
939 693 956 756 1
982 691 1025 779 (p.
1047 693 1089 757 23
1100 690 1161 780 sq.)
1191 691 1359 756 miraberis
1393 691 1470 756 Pro-

298 799 397 885 clum,
428 822 523 884 quem
551 800 666 864 Tzetza
698 799 904 883 loquacitatis
938 799 1060 886 arguit,
1090 799 1283 882 paucissima
1311 798 1470 883 explicare

298 905 336 969 de
358 906 476 991 Musis,
505 905 591 989 quod
618 910 726 969 tamen
754 908 981 990 argumentum
1008 905 1139 969 minime
1167 904 1307 969 alienum
1336 908 1405 969 erat
1428 905 1468 969 ab

298 1012 366 1076 eius
398 1012 522 1076 studiis.
569 1008 691 1075 Contra
723 1011 807 1095 apud
834 1011 983 1076 Tzetzam
1010 1012 1076 1075 fere
1103 1011 1201 1075 vicies
1228 1010 1364 1075 totidem
1393 1015 1469 1077 sunt

298 1116 342 1205 (p.
361 1116 517 1204 25-36)
550 1118 717 1201 multaque
745 1140 843 1202 supra
869 1117 965 1182 huius
995 1117 1137 1182 doctoris
1164 1117 1343 1203 ingenium,
1369 1118 1470 1182 veluti

298 1225 384 1309 quod
416 1225 508 1288 affert
539 1225 671 1288 nomina
697 1224 880 1288 rarissimae
907 1223 1092 1288 memoriae:
1124 1221 1298 1310 Melissei1)
1330 1225 1469 1289 auctoris

297 1329 536 1416 Delphieorum,
558 1328 774 1417 Lysimachi²)
795 1328 971 1414 Cyrenaici,
994 1330 1050 1413 qui
1073 1329 1202 1414 scripsit
1220 1327 1295 1416 περὶ
1314 1341 1469 1414 ποιητῶν.

297 1437 447 1502 Profecto
469 1457 536 1501 non
559 1458 634 1501 suae
658 1437 822 1501 doctrinae
845 1436 909 1501 ista
927 1435 1021 1500 debet
1040 1437 1275 1520 grammaticus,
1313 1434 1375 1500 Sed
1393 1440 1469 1500 sunt

298 1544 350 1607 vel
381 1543 485 1608 multo
517 1543 667 1629 graviora
700 1546 897 1629 argumenta.
942 1540 982 1606 In
1008 1542 1112 1606 media
1139 1542 1225 1607 enim
1251 1542 1469 1626 disputatione

299 1671 357 1713 sua
381 1648 490 1714 subito
510 1649 625 1714 Tzetza
648 1649 804 1714 exclamat
824 1648 868 1737 (p.
887 1647 959 1736 28);
983 1648 1066 1716 ἄλλα
1088 1653 1124 1714 τί
1142 1661 1363 1736 μακρηγορεῖν
1385 1649 1470 1734 ἡμᾶς

297 1755 544 1838 ἀναγκάζεις;
641 1754 711 1823 ἀλλ’
740 1757 816 1822 ἰδού
838 1772 900 1821 σοι
923 1758 1166 1839 πειθόμενος
1189 1753 1392 1842 ἐξημάρτηκα
1414 1754 1469 1821 καὶ

298 1864 357 1927 τὸν
380 1865 482 1945 λόγον
505 1875 575 1940 τοῖς
599 1866 710 1949 λήροις
734 1867 884 1928 Μουσῶν
906 1865 1102 1944 καταλόνοις
1125 1860 1295 1946 ἐκτέτευχα
1310 1914 1316 1927 .
1332 1912 1340 1926 .
1355 1863 1413 1927 ,τὸ
1433 1858 1470 1927 bl

298 1978 362 2034 νῦν
380 1968 565 2061 ιἰκαίριον
583 1972 837 2054 πολυλόγημα
854 1970 923 2034 σὸν
942 1967 1160 2051 λογιζέσθω
1179 1967 1392 2053 ἁμάρτημα.
1423 1967 1469 2032 Et

297 2096 337 2139 ne
362 2075 554 2160 dubitemus,
578 2075 651 2159 quis
675 2077 727 2162 sit,
750 2097 845 2159 quem
863 2078 955 2139 tanta
973 2075 1133 2161 gravitate
1153 2060 1347 2158 increpitans
1365 2074 1467 2138 nihilo

296 2182 419 2265 minus,
442 2186 479 2245 ut
501 2182 571 2266 ipse
594 2183 780 2268 confitetur,
803 2182 1000 2268 expilaverit‚
1022 2182 1115 2265 ponit
1137 2181 1206 2266 ipse
1228 2181 1317 2246 illius
1339 2204 1468 2246 nomen:

296 2287 352 2354 καλ
379 2292 524 2374 σφαίρας
552 2287 662 2373 ἐννέα,
695 2290 732 2354 ἐν
762 2281 816 2366 αἷς
842 2290 880 2354 αλ
904 2293 1041 2353 Μοῦσαι
1068 2289 1163 2353 κατὰ
1190 2291 1259 2354 τὸν
1286 2292 1469 2375 Πρόκλον

297 2395 492 2479 βαδίζουσιν
514 2392 559 2481 (p.
579 2393 637 2482 30)
665 2394 848 2480 pergitque:
876 2394 959 2460 ἀλλὰ
981 2394 1046 2460 καὶ
1069 2405 1185 2460 τοῦτο
1207 2396 1326 2460 πάλιν
1348 2397 1386 2460 τὸ
1409 2419 1469 2479 μα-

296 2504 485 2587 κρολόγημα
517 2504 587 2567 σόν
621 2501 718 2566 ἐστιν.
769 2503 898 2567 ἄνωθι
934 2503 997 2585 γὰρ
1033 2503 1136 2585 παρὰ
1168 2510 1238 2567 σοῦ
1270 2498 1469 2588 προτραπεὶς

297 2607 426 2685 ἁπάσας
456 2607 515 2684 τὰς
548 2608 689 2684 Μούσας
722 2611 828 2673 εἰπεῖν
859 2613 925 2673 κτλ.
960 2604 1003 2692 (p.
1032 2605 1098 2694 31).
1145 2607 1291 2672 Plurima
1322 2629 1399 2694 ergo
1430 2607 1468 2671 de

296 2713 400 2778 Musis
424 2713 509 2798 apud
526 2712 677 2778 Proclum
699 2714 833 2800 invenit,
856 2735 873 2777 e
897 2713 1015 2798 quibus
1037 2715 1073 2778 in
1090 2714 1170 2797 ipsis
1188 2712 1366 2779 Proclianis
1384 2735 1468 2778 nunc

295 2824 424 2886 tantum
446 2821 585 2906 vestigia
607 2820 763 2904 quaedam
786 2820 975 2884 tenuissima
998 2824 1179 2904 supersunt.

384 2926 436 2991 Ad
462 2950 491 2993 v.
516 2929 559 2994 82
583 2925 628 3015 (p.
652 2927 710 3016 97)
742 2927 873 2991 Tzetzes
901 2927 992 2991 dicit:
1020 2927 1204 3012 ἐδώρησαν·
1234 2926 1361 3011 Ἀττικὴ
1388 2928 1468 2993 ἀπο-

296 3037 390 3118 κοπή.
437 3033 499 3098 κόν
531 3033 586 3099 καὶ
617 3044 716 3099 τοῦτο
749 3035 767 3100 ὁ
800 3037 954 3118 Πρόκλος
980 3031 1128 3099 Ἰωνικὸν
1160 3032 1247 3119 λέγῃ.
1292 3032 1331 3098 In
1361 3033 1467 3098 Procli

297 3139 428 3204 scholiis
452 3140 517 3203 tale
541 3139 619 3223 quid
636 3140 774 3205 inveniri
796 3161 955 3224 nusquam
973 3143 1089 3225 potest.
1126 3138 1179 3204 Ad
1195 3141 1308 3206 v.-346
1328 3137 1467 3227 (11225)

299 3368 377 3438 ἡμεῖς
396 3367 449 3437 γὰρ
469 3367 502 3421 οὐ
521 3371 606 3437 λῆρον
625 3369 766 3438 ἀσκοῦμεν
784 3377 902 3439 ψυχρῶν
920 3366 1082 3439 λογνδρλων,
1104 3368 1174 3423 ἀλλὰ
1191 3367 1227 3423 τὰ
1244 3365 1341 3437 καίρια
1360 3367 1467 3439 γράφο-

298 3476 358 3527 μεν,
378 3454 448 3525 μηδὲ
467 3455 526 3518 τὰς
544 3453 652 3522 λέξεις
671 3466 846 3527 φυσῶντες
864 3458 913 3512 καλ
928 3459 1191 3528 διονκόλλοντες
1210 3466 1469 3528 στομφαοτικῶς

297 3546 345 3598 καὶ
365 3546 512 3614 μετεώροις
530 3545 733 3619 λαβρόομασιν,
758 3545 829 3600 ἀλλὰ
847 3548 928 3617 πεζῇ
948 3548 996 3600 καὶ
1014 3546 1134 3618 ἁπλοϊκῇ
1154 3547 1203 3600 καλ
1220 3544 1411 3620 συνηθεστέρᾳ
1429 3553 1467 3617 τῇ

297 3630 387 3698 λέξει
406 3633 569 3703 κεχρήμεθα
589 3638 643 3689 κτλ.
682 3633 858 3702 Quamquam
876 3650 933 3688 non
950 3635 1097 3705 pugnam,
1118 3634 1142 3688 si
1161 3634 1265 3689 dixeris
1283 3635 1354 3689 haec
1372 3634 1467 3705 potius

193 3736 194 3741 ’
296 3721 436 3790 pertinere
455 3722 492 3774 ad
510 3721 778 3791 Neoplatonicorum
798 3723 931 3792 ambages
949 3723 1154 3792 mysticamque
1173 3723 1381 3778 obscuritatem.

387 3813 413 3880 1)
431 3811 586 3879 Utrumque
604 3811 718 3865 Tzetzes
743 3810 829 3865 semel
853 3810 940 3865 etiam
962 3810 992 3863 in
1014 3810 1189 3865 Ghiliadibus
1212 3810 1382 3866 nominavit:
1409 3812 1467 3864 Me-

296 3896 411 3952 lisseum
425 3905 450 3967 6,
466 3904 512 3968 90;
531 3899 733 3968 Lysimachum
751 3906 775 3968 6,
791 3906 851 3953 920.
878 3900 921 3953 De
935 3899 1066 3954 Melisseo
1084 3899 1156 3952 nihil
1175 3902 1348 3968 compertum
1367 3899 1466 3954 habeo.

386 3991 412 4058 2)
431 3987 556 4056 Accedit,
576 3989 651 4056 quod
669 3988 751 4042 nobis
771 3987 978 4057 Cyrenaicus
997 3987 1179 4057 Lysimachus
1197 4004 1233 4041 ne
1251 3990 1334 4042 notus
1354 3987 1467 4056 quidem

297 4079 351 4145 est,
384 4075 590 4130 Alexandrinus
616 4093 683 4131 vero
711 4075 760 4130 ille
789 4076 989 4145 grammaticus
1017 4076 1062 4147 (cf.
1091 4076 1246 4131 Radtkium
1276 4076 1335 4144 „De
1363 4075 1466 4145 Lysim.

296 4163 505 4217 Alexandrino⁸⁴
526 4168 612 4235 1893),
631 4169 769 4232 quantum
787 4164 898 4234 scimus,
916 4182 973 4219 non
992 4164 1104 4235 scripsit
1121 4167 1186 4234 περὶ
1203 4175 1335 4234 ποιητῶν.
1368 4165 1467 4233 Itaque

296 4270 349 4322 ego
375 4269 487 4321 quoque
509 4252 656 4307 maluerim
679 4272 742 4307 cum
765 4252 885 4307 Miillero
909 4254 1028 4324 (Fragm.
1054 4254 1127 4308 Hist.
1148 4254 1192 4308 (ir.
1209 4260 1239 4322 3,
1254 4258 1316 4324 342)
1336 4254 1468 4308 Tzetzam

296 4341 349 4395 hoc
367 4341 430 4394 loco
444 4340 641 4411 neglegentiae
656 4357 795 4410 accusare,
815 4341 864 4409 qui
878 4341 997 4397 fortasse
1011 4359 1113 4396 nomen
1127 4342 1297 4411 Lysaniae
1313 4342 1467 4412 Cyrenaici,

297 4428 419 4486 auctoris
438 4430 504 4484 libri
522 4432 588 4500 περὶ
605 4440 738 4502 ποιητῶν,
757 4429 831 4483 male
851 4447 884 4484 ex
902 4431 1057 4486 Proclianis
1077 4430 1262 4500 exscripserit.
