3366 5168
406 297 560 354 Aristonici
578 298 642 367 περὶ
661 294 781 368 σημείων
800 305 850 353 τοῦ
865 294 997 353 Ἡσιόδου
1015 296 1182 368 fragmenta.
1314 298 1377 363 137

208 462 415 528 Aristarchea
444 462 624 527 necessario
657 461 812 527 ducimur.
865 460 915 525 De
947 460 1080 526 Tretzae
1110 460 1217 526 verbis
1249 460 1316 528 illis
1347 463 1383 529 ot

208 567 284 655 περὶ
312 571 468 654 Πρόκλον
495 566 551 633 καὶ
574 566 789 655 Ἀρίσταρχον
817 566 837 650 ἢ
866 569 1099 653 Πλούταρχον,
1132 590 1213 652 quae
1240 568 1379 635 multum

209 674 413 740 offendebant
440 673 619 740 Usenerum
645 673 707 738 Rh.
735 673 778 739 M.
801 673 905 759 XXII,
926 697 956 759 p.
975 672 1040 738 579
1069 671 1122 761 (cf.
1150 674 1380 741 Waeschlrium

210 780 247 846 de
279 781 379 845 Arist.
412 780 495 846 stud.
525 780 600 845 Hes.
623 781 643 844 l.
673 780 694 844 l.
717 803 747 865 p.
769 778 847 867 168)
880 784 913 844 et
941 779 1108 845 Flachium
1131 803 1160 865 p.
1175 780 1251 867 439,
1283 803 1380 866 supra

208 889 307 953 verba
333 886 466 953 fecimus
489 910 519 972 p.
541 888 582 952 19
608 890 640 952 et
659 887 711 952 39.
756 886 867 952 Etiam
895 887 930 952 in
952 887 1014 952 hoc
1035 909 1130 952 versu
1151 888 1379 972 proscribendo

209 995 365 1079 optimam
393 993 586 1058 sententiam
612 991 794 1059 Aristarchi
821 997 907 1058 recte
935 993 1119 1078 explanavit
1142 993 1380 1061 Schoemannus
1513 1065 1518 1072 ,

69 1113 72 1117 ’
209 1122 259 1185 op.
283 1121 328 1166 ac.
347 1098 396 1166 HI
415 1123 445 1184 p.
464 1100 505 1164 61
518 1121 565 1185 sq.
588 1120 653 1164 uno
678 1100 849 1165 commisso
873 1121 980 1165 errore
1002 1101 1038 1165 in
1060 1100 1274 1166 discernendis
1297 1102 1380 1167 scili·

209 1211 259 1273 cet
282 1207 428 1272 versibus
450 1207 622 1294 prioribus,
645 1207 683 1271 de
702 1207 819 1292 quibus
837 1228 895 1272 suo
914 1207 985 1272 loco
1004 1207 1066 1271 erit
1085 1207 1259 1272 dicendum.
1297 1206 1380 1274 Sunt

209 1314 295 1378 enim
321 1314 403 1378 varii
430 1317 563 1399 propter
585 1314 780 1380 recensionis
803 1314 1000 1380 varietatem.
1024 1352 1066 1360 —
1089 1312 1202 1379 Fuisse
1226 1313 1319 1400 signo
1341 1315 1380 1379 ad

209 1444 238 1487 v,
256 1421 319 1484 411
345 1420 448 1484 elucet
471 1443 488 1485 e
507 1420 629 1487 scholio
649 1419 867 1487 Choerobosci
884 1444 915 1506 p.
930 1420 1005 1507 261,
1021 1422 1071 1508 18,
1090 1421 1127 1486 cl.
1147 1443 1243 1505 supra
1261 1444 1291 1506 p.
1308 1421 1380 1487 135.

211 1525 355 1592 Similem
379 1527 420 1591 ob
445 1548 573 1592 oausam
595 1528 705 1612 posuit
722 1528 932 1593 Aristarchus
955 1527 1064 1611 diplen
1091 1528 1189 1593 etiam
1212 1528 1253 1593 ad
1270 1550 1299 1593 ι.
1314 1528 1378 1593 441

211 1631 263 1720 (cf.
287 1633 447 1698 scholium
467 1632 683 1699 Choerobosci
704 1659 733 1719 p.
754 1636 829 1719 230,
843 1633 911 1721 21),
933 1635 990 1699 ubi
1008 1635 1106 1700 verba
1125 1635 1240 1699 scholii
1258 1635 1381 1718 aliquid

210 1744 362 1824 corrupta
385 1744 470 1825 sunt,
492 1762 566 1806 cum
588 1741 675 1806 hunc
693 1741 758 1806 fere
777 1742 812 1805 in
829 1741 961 1806 modum
980 1739 1185 1807 Aristonicus
1205 1742 1380 1826 scripserit:

211 1849 355 1930 αἰζηός·
389 1860 526 1934 σημεῖον
558 1849 608 1914 ὅτι
640 1852 763 1933 κυρίως
790 1849 807 1914 ὁ
835 1856 980 1926 νεανίας·
1011 1857 1076 1914 νῦν
1104 1844 1141 1912 dl
1168 1850 1227 1914 τὸν
1254 1848 1381 1914 τέλειον

210 1955 317 2039 ἄνδρα
341 1958 453 2039 φησίν.
498 1954 538 2019 In
565 1954 688 2020 scholio
717 1959 833 2039 autem,
861 1955 947 2039 quod
973 1977 1059 2019 nunc
1085 1954 1214 2041 legitur,
1241 1977 1304 2020 vox
1327 1973 1381 2039 ση-

209 2063 346 2144 μείωσαι
374 2082 413 2124 ex
443 2073 580 2145 σημεῖον
602 2083 659 2145 per
687 2061 902 2144 corruptelam
925 2065 997 2125 orta
1018 2061 1097 2126 haec
1121 2061 1227 2127 omnia
1249 2062 1382 2126 transsi-

212 2167 275 2232 luit
293 2171 326 2231 et
348 2167 478 2232 initium
500 2168 577 2232 fecit
595 2168 754 2233 enuntiati
774 2168 937 2253 sequentis
954 2166 1031 2253 περὶ
1048 2179 1116 2233 τῶν
1135 2165 1214 2234 ἑκτὰ
1235 2169 1380 2253 ἡλικιῶν.

213 2274 317 2339 Causa
340 2277 389 2339 cst
412 2278 531 2359 aperta.
571 2274 760 2360 diremptor,
783 2297 855 2340 cum
878 2296 960 2359 quae
978 2275 1027 2339 vis
1046 2275 1165 2339 inesset
1183 2275 1217 2338 in
1235 2296 1312 2339 voce
1329 2297 1381 2339 ne·

212 2382 321 2465 sciret,
352 2385 443 2446 ratus
466 2382 595 2467 signum
618 2380 809 2447 admonendi
833 2404 903 2446 eam
926 2402 994 2445 esse
1017 2401 1083 2445 non
1104 2380 1274 2445 dubitabat
1297 2381 1382 2445 intra

210 2489 282 2554 loco
305 2488 409 2573 magis
431 2488 545 2553 idoneo
570 2488 626 2571 qui
651 2488 812 2553 videretur
834 2488 1046 2572 praemittere.
1098 2485 1246 2550 Ceterum
1266 2485 1381 2550 desunt

210 2616 297 2660 nunc
316 2594 425 2658 eadem
443 2594 481 2658 de
500 2615 596 2658 causa
615 2615 696 2676 quae
715 2596 802 2658 certo
824 2597 918 2658 antea
935 2593 1042 2677 posita
1060 2595 1151 2656 erant
1170 2593 1263 2677 signo
1283 2592 1381 2656 etiam

134 2707 137 2712 ’
210 2704 246 2768 in
260 2701 390 2767 scholiis
406 2701 445 2765 ad
459 2705 491 2765 E
503 2702 544 2765 92
560 2703 592 2763 et
606 2725 630 2784 p
644 2699 720 2785 440,
734 2699 851 2785 quibus
866 2699 1000 2764 Homeri
1018 2699 1098 2764 locis
1116 2698 1196 2764 item
1214 2701 1300 2763 caret
1319 2719 1381 2763 vox

212 2812 322 2893 αἰζηός
351 2807 466 2873 addito
503 2806 658 2871 vocabulo
696 2805 796 2893 ἀνήρ,
835 2828 898 2890 quo
936 2827 1062 2890 semper
1103 2805 1185 2870 solet
1224 2805 1382 2870 instructa

212 2938 295 3001 esse,
321 2914 379 2980 ubi
407 2915 437 2978 ei
464 2917 513 2979 est
539 2933 606 2978 non
632 2913 772 3001 iuvenis,
795 2912 850 2977 scd
872 2912 935 2978 viri
959 2912 1168 2998 significat103
1196 2911 1234 2976 cf.
1258 2915 1297 2976 Π
1308 2910 1381 2995 716,

211 3020 325 3106 Poro,
348 3020 441 3105 μ83.

299 3127 401 3193 Porro
439 3128 586 3212 appinxit
619 3127 747 3212 signum
778 3124 987 3191 Aristarchus
1019 3127 1126 3191 versui
1153 3125 1218 3191 433
1250 3129 1382 3210 propter

212 3257 321 3300 vocem
351 3234 531 3320 αὐτόγυον,
560 3237 598 3298 ut
628 3237 760 3317 apparet
789 3255 806 3297 e
836 3232 959 3298 scholio
991 3231 1208 3298 Ohoerobosei
1235 3232 1383 3297 adhunc

212 3363 340 3406 versum
360 3341 445 3425 apud
462 3339 612 3405 Eustath.
632 3340 673 3405 ad
691 3339 804 3424 Odyss.
823 3338 856 3404 Π
875 3340 928 3425 37,
942 3339 985 3404 35
1004 3340 1131 3405 Stallb.:
1155 3335 1220 3406 εἷθ’
1241 3339 1382 3421 ὕστερον

212 3445 370 3532 ἐξευρέθη
393 3449 431 3511 τὸ
454 3445 530 3531 παρ’
554 3444 700 3534 Ἡσιόδῳ
724 3446 901 3530 αὐτόγυον,
924 3440 1027 3532 οὗπερ
1053 3446 1203 3530 οὐδαμοῦ
1222 3445 1382 3531 μέμνηται

206 3552 356 3637 Ὅμηρος.
401 3550 480 3627 Inde
502 3551 653 3616 facillime
671 3552 750 3617 haec
768 3552 866 3616 verba
885 3552 1002 3617 efficies
1021 3540 1211 3617 Aristonici:
1235 3564 1382 3636 σημεῖον,

215 3660 266 3724 ὅτι
294 3659 444 3743 οὐδαμοῦ
471 3658 638 3741 αὐτογύου
665 3657 824 3742 μέμνηται
839 3657 996 3744 Ὅμηρος,
1023 3658 1075 3722 vel
1103 3659 1131 3722 si
1153 3659 1255 3723 mavis
1278 3658 1382 3744 magis

212 3786 356 3849 premere
382 3763 574 3829 vocabulum
601 3765 741 3850 ὕστερον
765 3762 980 3830 Choerobosci
1001 3764 1097 3828 nixus
1121 3764 1228 3828 studio
1251 3763 1308 3828 illo
1332 3764 1383 3827 de-

213 3869 369 3935 finiendae
396 3874 565 3953 poetarum
593 3891 631 3933 ex
659 3870 803 3953 ipsorum
830 3868 938 3933 verbis
965 3869 1095 3954 aetatis,
1126 3869 1165 3933 de
1193 3891 1256 3953 quo
1286 3891 1383 3954 supra

215 3977 353 4042 diximus
376 4000 407 4060 p.
428 3976 502 4061 130,
527 3975 619 4040 haec:
653 3987 805 4059 σημεῖον,
838 3975 888 4039 ὅτι
915 3976 1075 4059 νεώτερος
1104 3974 1313 4060 ὁἩσιόδος,
1345 3978 1382 4041 τὸ

214 4084 379 4166 αὐτόγυον
403 4083 555 4165 εἰσάγων,
578 4076 680 4166 οὗπερ
704 4081 854 4166 οὐδαμοῦ
877 4080 1037 4166 μέμνηται
1061 4079 1247 4167 ὁὍμηρος.
1270 4080 1383 4147 —Ad

213 4212 341 4255 versum
359 4187 425 4253 518
449 4192 518 4253 erat
540 4187 722 4252 Aristarchi
745 4187 860 4273 διπλῆ,
887 4210 983 4272 quam
1006 4188 1236 4272 interpretatur
1258 4186 1382 4253 Aristo-

213 4296 304 4360 nicus
329 4296 413 4380 apud
431 4292 692 4360 Ohoeroboscum
714 4316 745 4378 p.
760 4293 841 4380 313,
854 4293 895 4358 31
921 4294 973 4380 (cf.
996 4293 1105 4378 Etym
1128 4293 1235 4379 Magn.
1257 4318 1288 4379 p.
1310 4296 1384 4382 769,

215 4399 287 4489 55)ι
315 4400 395 4489 (ὅτι)
419 4401 454 4467 ἐκ
477 4410 665 4488 μεταφορᾶς
687 4410 747 4466 τοῦ
770 4410 905 4488 τροχοῦ,
928 4399 1107 4488 ἐπικαμπῇ,
1130 4400 1151 4486 ἣ
1174 4399 1255 4479 ὀξὺν
1278 4399 1315 4467 ἐν
1338 4411 1382 4491 τῷ
