<?xml version="1.0" encoding="UTF-8"?>
<!DOCTYPE html PUBLIC "-//W3C//DTD XHTML 1.0 Transitional//EN"
    "http://www.w3.org/TR/xhtml1/DTD/xhtml1-transitional.dtd">
<html xmlns="http://www.w3.org/1999/xhtml" xml:lang="en" lang="en">
 <head>
  <title>
</title>
<meta http-equiv="Content-Type" content="text/html;charset=utf-8" />
  <meta name='ocr-system' content='tesseract 3.04.00' />
  <meta name='ocr-capabilities' content='ocr_page ocr_carea ocr_par ocr_line ocrx_word'/>
</head>
<body>
  <div class='ocr_page' id='page_1' title='image "./studiahesiodeas01dimigoog_0011.png"; bbox 0 0 3342 5168; ppageno 0'>
   <div class='ocr_carea' id='block_1_1' title="bbox 303 340 1069 412">
    <p class='ocr_par' dir='ltr' id='par_1_1' title="bbox 303 340 1069 412">
     <span class='ocr_line' id='line_1_1' title="bbox 303 340 1069 412; baseline 0 -16"><span class='ocrx_word' id='word_1_1' title='bbox 303 343 324 405; x_wconf 81' lang='grc'>2</span> <span class='ocrx_word' id='word_1_2' title='bbox 705 342 747 396; x_wconf 91' lang='lat' dir='ltr'><strong>De</strong></span> <span class='ocrx_word' id='word_1_3' title='bbox 767 342 889 412; x_wconf 89' lang='lat' dir='ltr'><strong>Operum</strong></span> <span class='ocrx_word' id='word_1_4' title='bbox 906 340 986 395; x_wconf 85' lang='lat' dir='ltr'><strong>libris</strong></span> <span class='ocrx_word' id='word_1_5' title='bbox 1004 359 1069 396; x_wconf 84' lang='lat' dir='ltr'><strong>mss.</strong></span> 
     </span>
    </p>
   </div>
   <div class='ocr_carea' id='block_1_2' title="bbox 300 501 1474 2615">
    <p class='ocr_par' dir='ltr' id='par_1_2' title="bbox 300 501 1473 1208">
     <span class='ocr_line' id='line_1_2' title="bbox 302 501 1472 593; baseline -0.003 -24"><span class='ocrx_word' id='word_1_6' title='bbox 302 503 419 593; x_wconf 83' lang='grc'>(1884)</span> <span class='ocrx_word' id='word_1_7' title='bbox 442 505 605 570; x_wconf 89' lang='lat' dir='ltr'><strong>luculenta</strong></span> <span class='ocrx_word' id='word_1_8' title='bbox 628 501 929 591; x_wconf 73' lang='lat' dir='ltr'><strong>commentationel)</strong></span> <span class='ocrx_word' id='word_1_9' title='bbox 953 526 1110 568; x_wconf 89' lang='lat' dir='ltr'><strong>summam</strong></span> <span class='ocrx_word' id='word_1_10' title='bbox 1132 502 1211 567; x_wconf 86' lang='lat' dir='ltr'>libri</span> <span class='ocrx_word' id='word_1_11' title='bbox 1230 503 1384 567; x_wconf 81' lang='lat' dir='ltr'><strong>virtutem</strong></span> <span class='ocrx_word' id='word_1_12' title='bbox 1404 524 1472 567; x_wconf 89' lang='lat' dir='ltr'><strong>esse</strong></span> 
     </span>
     <span class='ocr_line' id='line_1_3' title="bbox 303 608 1473 677; baseline -0.003 0"><span class='ocrx_word' id='word_1_13' title='bbox 303 613 542 677; x_wconf 77' lang='lat' dir='ltr'><strong>accuratissime</strong></span> <span class='ocrx_word' id='word_1_14' title='bbox 580 610 820 676; x_wconf 81' lang='lat' dir='ltr'><strong>demonstravit.</strong></span> <span class='ocrx_word' id='word_1_15' title='bbox 873 608 967 674; x_wconf 88' lang='lat' dir='ltr'><strong>Nune</strong></span> <span class='ocrx_word' id='word_1_16' title='bbox 1002 610 1088 674; x_wconf 88' lang='lat' dir='ltr'><strong>inter</strong></span> <span class='ocrx_word' id='word_1_17' title='bbox 1124 630 1235 673; x_wconf 88' lang='lat' dir='ltr'><strong>omnes</strong></span> <span class='ocrx_word' id='word_1_18' title='bbox 1271 613 1398 673; x_wconf 89' lang='lat' dir='ltr'><strong>constat</strong></span> <span class='ocrx_word' id='word_1_19' title='bbox 1434 608 1473 673; x_wconf 88' lang='lat' dir='ltr'><strong>de</strong></span> 
     </span>
     <span class='ocr_line' id='line_1_4' title="bbox 302 715 1472 803; baseline -0.002 -21"><span class='ocrx_word' id='word_1_20' title='bbox 302 718 441 783; x_wconf 87' lang='lat' dir='ltr'><strong>Parisini</strong></span> <span class='ocrx_word' id='word_1_21' title='bbox 473 718 664 803; x_wconf 88' lang='lat' dir='ltr'><strong>principatu.</strong></span> <span class='ocrx_word' id='word_1_22' title='bbox 710 716 816 780; x_wconf 90' lang='lat' dir='ltr'><strong>Huius</strong></span> <span class='ocrx_word' id='word_1_23' title='bbox 849 716 889 780; x_wconf 89' lang='lat' dir='ltr'><strong>ad</strong></span> <span class='ocrx_word' id='word_1_24' title='bbox 920 716 1016 781; x_wconf 91' lang='lat' dir='ltr'><strong>fidem</strong></span> <span class='ocrx_word' id='word_1_25' title='bbox 1042 716 1218 781; x_wconf 84' lang='lat' dir='ltr'><strong>revocanda</strong></span> <span class='ocrx_word' id='word_1_26' title='bbox 1246 719 1295 780; x_wconf 90' lang='lat' dir='ltr'><strong>est</strong></span> <span class='ocrx_word' id='word_1_27' title='bbox 1322 715 1472 796; x_wconf 77' lang='lat' dir='ltr'><strong>carminis</strong></span> 
     </span>
     <span class='ocr_line' id='line_1_5' title="bbox 302 821 1472 909; baseline -0.004 -19"><span class='ocrx_word' id='word_1_28' title='bbox 302 826 453 890; x_wconf 79' lang='lat' dir='ltr'><strong>recensio.</strong></span> <span class='ocrx_word' id='word_1_29' title='bbox 499 825 580 888; x_wconf 91' lang='lat' dir='ltr'><strong>Mihi</strong></span> <span class='ocrx_word' id='word_1_30' title='bbox 610 827 718 887; x_wconf 88' lang='lat' dir='ltr'><strong>autem</strong></span> <span class='ocrx_word' id='word_1_31' title='bbox 744 823 837 887; x_wconf 91' lang='lat' dir='ltr'><strong>licuit</strong></span> <span class='ocrx_word' id='word_1_32' title='bbox 864 844 921 906; x_wconf 90' lang='lat' dir='ltr'><strong>per</strong></span> <span class='ocrx_word' id='word_1_33' title='bbox 947 821 1079 886; x_wconf 84' lang='lat' dir='ltr'><strong>Rnachii</strong></span> <span class='ocrx_word' id='word_1_34' title='bbox 1106 844 1182 909; x_wconf 82' lang='lat' dir='ltr'><strong>erga</strong></span> <span class='ocrx_word' id='word_1_35' title='bbox 1210 844 1261 887; x_wconf 88' lang='lat' dir='ltr'><strong>me</strong></span> <span class='ocrx_word' id='word_1_36' title='bbox 1285 821 1472 887; x_wconf 84' lang='lat' dir='ltr'><strong>benevolen-</strong></span> 
     </span>
     <span class='ocr_line' id='line_1_6' title="bbox 302 928 1473 1016; baseline -0.002 -21"><span class='ocrx_word' id='word_1_37' title='bbox 302 932 395 1016; x_wconf 79' lang='lat' dir='ltr'><strong>tiam,</strong></span> <span class='ocrx_word' id='word_1_38' title='bbox 427 931 621 1014; x_wconf 87' lang='lat' dir='ltr'><strong>ubicumque</strong></span> <span class='ocrx_word' id='word_1_39' title='bbox 653 930 686 993; x_wconf 93' lang='lat' dir='ltr'><strong>id</strong></span> <span class='ocrx_word' id='word_1_40' title='bbox 719 950 800 1014; x_wconf 88' lang='lat' dir='ltr'><strong>opus</strong></span> <span class='ocrx_word' id='word_1_41' title='bbox 829 932 910 1013; x_wconf 85' lang='lat' dir='ltr'><strong>erat,</strong></span> <span class='ocrx_word' id='word_1_42' title='bbox 942 929 1090 994; x_wconf 87' lang='lat' dir='ltr'><strong>lectionis</strong></span> <span class='ocrx_word' id='word_1_43' title='bbox 1117 928 1282 994; x_wconf 87' lang='lat' dir='ltr'><strong>Parisinae</strong></span> <span class='ocrx_word' id='word_1_44' title='bbox 1310 934 1396 994; x_wconf 87' lang='lat' dir='ltr'><strong>certa</strong></span> <span class='ocrx_word' id='word_1_45' title='bbox 1423 929 1473 994; x_wconf 89' lang='lat' dir='ltr'><strong>uti</strong></span> 
     </span>
     <span class='ocr_line' id='line_1_7' title="bbox 300 1033 1472 1122; baseline -0.003 -19"><span class='ocrx_word' id='word_1_46' title='bbox 300 1038 426 1103; x_wconf 84' lang='lat' dir='ltr'><strong>notitia.</strong></span> <span class='ocrx_word' id='word_1_47' title='bbox 474 1034 610 1122; x_wconf 83' lang='lat' dir='ltr'><strong>Signum</strong></span> <span class='ocrx_word' id='word_1_48' title='bbox 637 1037 699 1101; x_wconf 87' lang='lat' dir='ltr'><strong>erit</strong></span> <span class='ocrx_word' id='word_1_49' title='bbox 722 1033 762 1122; x_wconf 81' lang='lat' dir='ltr'><strong>O,</strong></span> <span class='ocrx_word' id='word_1_50' title='bbox 790 1036 876 1120; x_wconf 92' lang='lat' dir='ltr'><strong>quod</strong></span> <span class='ocrx_word' id='word_1_51' title='bbox 902 1036 1030 1101; x_wconf 84' lang='lat' dir='ltr'><strong>futurae</strong></span> <span class='ocrx_word' id='word_1_52' title='bbox 1058 1036 1193 1101; x_wconf 91' lang='lat' dir='ltr'><strong>editioni</strong></span> <span class='ocrx_word' id='word_1_53' title='bbox 1215 1034 1374 1101; x_wconf 84' lang='lat' dir='ltr'><strong>Rnachius</strong></span> <span class='ocrx_word' id='word_1_54' title='bbox 1400 1058 1472 1101; x_wconf 91' lang='lat' dir='ltr'><strong>con-</strong></span> 
     </span>
     <span class='ocr_line' id='line_1_8' title="bbox 302 1144 419 1208; baseline -0.009 0"><span class='ocrx_word' id='word_1_55' title='bbox 302 1144 419 1208; x_wconf 89' lang='lat' dir='ltr'><strong>stituit.</strong></span> 
     </span>
    </p>

    <p class='ocr_par' dir='ltr' id='par_1_3' title="bbox 301 1248 1473 1869">
     <span class='ocr_line' id='line_1_9' title="bbox 390 1248 1472 1316; baseline 0.003 -3"><span class='ocrx_word' id='word_1_56' title='bbox 390 1250 540 1315; x_wconf 85' lang='lat' dir='ltr'><strong>Proxime</strong></span> <span class='ocrx_word' id='word_1_57' title='bbox 554 1249 674 1313; x_wconf 87' lang='lat' dir='ltr'><strong>accedit</strong></span> <span class='ocrx_word' id='word_1_58' title='bbox 687 1248 980 1315; x_wconf 72' lang='lat' dir='ltr'><strong>Laurentianus.</strong></span> <span class='ocrx_word' id='word_1_59' title='bbox 1017 1249 1113 1314; x_wconf 91' lang='lat' dir='ltr'><strong>Hunc</strong></span> <span class='ocrx_word' id='word_1_60' title='bbox 1126 1251 1319 1315; x_wconf 78' lang='lat' dir='ltr'><strong>recentiores</strong></span> <span class='ocrx_word' id='word_1_61' title='bbox 1334 1251 1472 1316; x_wconf 89' lang='lat' dir='ltr'><strong>editores</strong></span> 
     </span>
     <span class='ocr_line' id='line_1_10' title="bbox 302 1355 1473 1441; baseline 0.001 -20"><span class='ocrx_word' id='word_1_62' title='bbox 302 1357 518 1421; x_wconf 89' lang='lat' dir='ltr'><strong>adhibuerunt</strong></span> <span class='ocrx_word' id='word_1_63' title='bbox 545 1356 611 1419; x_wconf 85' lang='lat' dir='ltr'><strong>fere</strong></span> <span class='ocrx_word' id='word_1_64' title='bbox 640 1377 763 1441; x_wconf 82' lang='lat' dir='ltr'><strong>omncs3</strong></span> <span class='ocrx_word' id='word_1_65' title='bbox 790 1357 914 1440; x_wconf 88' lang='lat' dir='ltr'><strong>primus</strong></span> <span class='ocrx_word' id='word_1_66' title='bbox 937 1355 1122 1440; x_wconf 86' lang='lat' dir='ltr'><strong>Koechlyus</strong></span> <span class='ocrx_word' id='word_1_67' title='bbox 1150 1379 1308 1421; x_wconf 84' lang='lat' dir='ltr'><strong>summam</strong></span> <span class='ocrx_word' id='word_1_68' title='bbox 1337 1359 1473 1422; x_wconf 88' lang='lat' dir='ltr'><strong>auctori·</strong></span> 
     </span>
     <span class='ocr_line' id='line_1_11' title="bbox 301 1459 1472 1552; baseline 0.002 -25"><span class='ocrx_word' id='word_1_69' title='bbox 301 1467 402 1528; x_wconf 89' lang='lat' dir='ltr'><strong>tatem</strong></span> <span class='ocrx_word' id='word_1_70' title='bbox 429 1459 638 1549; x_wconf 71' lang='lat' dir='ltr'><strong>perspexit2),</strong></span> <span class='ocrx_word' id='word_1_71' title='bbox 666 1459 848 1548; x_wconf 65' lang='lat' dir='ltr'><strong>Flaehiusi)</strong></span> <span class='ocrx_word' id='word_1_72' title='bbox 880 1462 993 1526; x_wconf 85' lang='lat' dir='ltr'><strong>deinde</strong></span> <span class='ocrx_word' id='word_1_73' title='bbox 1021 1467 1053 1527; x_wconf 90' lang='lat' dir='ltr'><strong>et</strong></span> <span class='ocrx_word' id='word_1_74' title='bbox 1080 1462 1239 1529; x_wconf 84' lang='lat' dir='ltr'><strong>Rzaehius</strong></span> <span class='ocrx_word' id='word_1_75' title='bbox 1264 1462 1357 1552; x_wconf 88' lang='grc'>(1.1.)</span> <span class='ocrx_word' id='word_1_76' title='bbox 1385 1486 1472 1530; x_wconf 88' lang='lat' dir='ltr'><strong>accu-</strong></span> 
     </span>
     <span class='ocr_line' id='line_1_12' title="bbox 303 1567 1473 1653; baseline 0 -19"><span class='ocrx_word' id='word_1_77' title='bbox 303 1570 407 1635; x_wconf 88' lang='lat' dir='ltr'><strong>ratius</strong></span> <span class='ocrx_word' id='word_1_78' title='bbox 437 1569 621 1633; x_wconf 87' lang='lat' dir='ltr'><strong>doeuerunt.</strong></span> <span class='ocrx_word' id='word_1_79' title='bbox 666 1567 749 1631; x_wconf 90' lang='lat' dir='ltr'><strong>Mihi</strong></span> <span class='ocrx_word' id='word_1_80' title='bbox 775 1571 852 1652; x_wconf 88' lang='lat' dir='ltr'><strong>post</strong></span> <span class='ocrx_word' id='word_1_81' title='bbox 873 1567 1074 1653; x_wconf 86' lang='lat' dir='ltr'><strong>Koechlyum</strong></span> <span class='ocrx_word' id='word_1_82' title='bbox 1097 1569 1285 1634; x_wconf 90' lang='lat' dir='ltr'><strong>Kinkelium</strong></span> <span class='ocrx_word' id='word_1_83' title='bbox 1307 1569 1473 1634; x_wconf 84' lang='lat' dir='ltr'><strong>Flachium</strong></span> 
     </span>
     <span class='ocr_line' id='line_1_13' title="bbox 302 1674 1472 1764; baseline 0.001 -23"><span class='ocrx_word' id='word_1_84' title='bbox 302 1678 337 1742; x_wconf 92' lang='lat' dir='ltr'><strong>in</strong></span> <span class='ocrx_word' id='word_1_85' title='bbox 363 1677 444 1741; x_wconf 91' lang='lat' dir='ltr'><strong>locis</strong></span> <span class='ocrx_word' id='word_1_86' title='bbox 473 1676 579 1740; x_wconf 92' lang='lat' dir='ltr'><strong>dubiis</strong></span> <span class='ocrx_word' id='word_1_87' title='bbox 609 1697 667 1739; x_wconf 89' lang='lat' dir='ltr'><strong>sua</strong></span> <span class='ocrx_word' id='word_1_88' title='bbox 692 1674 746 1738; x_wconf 91' lang='lat' dir='ltr'><strong>hic</strong></span> <span class='ocrx_word' id='word_1_89' title='bbox 774 1697 901 1759; x_wconf 91' lang='lat' dir='ltr'><strong>quoque</strong></span> <span class='ocrx_word' id='word_1_90' title='bbox 929 1675 1147 1759; x_wconf 85' lang='lat' dir='ltr'><strong>suppeditavit</strong></span> <span class='ocrx_word' id='word_1_91' title='bbox 1174 1675 1350 1764; x_wconf 72' lang='lat' dir='ltr'><strong>Bacchius,</strong></span> <span class='ocrx_word' id='word_1_92' title='bbox 1381 1679 1472 1742; x_wconf 89' lang='lat' dir='ltr'><strong>cuius</strong></span> 
     </span>
     <span class='ocr_line' id='line_1_14' title="bbox 301 1780 996 1869; baseline -0.001 -22"><span class='ocrx_word' id='word_1_93' title='bbox 301 1784 395 1869; x_wconf 78' lang='lat' dir='ltr'><strong>signo</strong></span> <span class='ocrx_word' id='word_1_94' title='bbox 419 1784 454 1847; x_wconf 91' lang='lat' dir='ltr'><strong>in</strong></span> <span class='ocrx_word' id='word_1_95' title='bbox 475 1782 535 1847; x_wconf 90' lang='lat' dir='ltr'><strong>hac</strong></span> <span class='ocrx_word' id='word_1_96' title='bbox 557 1781 826 1847; x_wconf 86' lang='lat' dir='ltr'><strong>commentatione</strong></span> <span class='ocrx_word' id='word_1_97' title='bbox 848 1786 935 1846; x_wconf 89' lang='lat' dir='ltr'><strong>utar:</strong></span> <span class='ocrx_word' id='word_1_98' title='bbox 957 1780 996 1846; x_wconf 92' lang='lat' dir='ltr'><strong>D.</strong></span> 
     </span>
    </p>

    <p class='ocr_par' dir='ltr' id='par_1_4' title="bbox 300 1887 1474 2615">
     <span class='ocr_line' id='line_1_15' title="bbox 391 1887 1471 1973; baseline 0 -18"><span class='ocrx_word' id='word_1_99' title='bbox 391 1887 474 1955; x_wconf 78' lang='lat' dir='ltr'><strong>Sunt</strong></span> <span class='ocrx_word' id='word_1_100' title='bbox 491 1893 668 1972; x_wconf 85' lang='lat' dir='ltr'><strong>‘praeterea</strong></span> <span class='ocrx_word' id='word_1_101' title='bbox 698 1889 848 1953; x_wconf 91' lang='lat' dir='ltr'><strong>nonnulli</strong></span> <span class='ocrx_word' id='word_1_102' title='bbox 876 1888 965 1972; x_wconf 86' lang='lat' dir='ltr'><strong>libri,</strong></span> <span class='ocrx_word' id='word_1_103' title='bbox 998 1909 1136 1973; x_wconf 92' lang='lat' dir='ltr'><strong>quorum</strong></span> <span class='ocrx_word' id='word_1_104' title='bbox 1163 1890 1289 1955; x_wconf 88' lang='lat' dir='ltr'><strong>etiamsi</strong></span> <span class='ocrx_word' id='word_1_105' title='bbox 1317 1891 1471 1956; x_wconf 91' lang='lat' dir='ltr'><strong>memoria</strong></span> 
     </span>
     <span class='ocr_line' id='line_1_16' title="bbox 302 1995 1471 2081; baseline 0.002 -21"><span class='ocrx_word' id='word_1_106' title='bbox 302 1997 407 2081; x_wconf 83' lang='lat' dir='ltr'><strong>magis</strong></span> <span class='ocrx_word' id='word_1_107' title='bbox 431 2000 481 2060; x_wconf 88' lang='lat' dir='ltr'><strong>est</strong></span> <span class='ocrx_word' id='word_1_108' title='bbox 505 1996 684 2081; x_wconf 84' lang='lat' dir='ltr'><strong>depravata,</strong></span> <span class='ocrx_word' id='word_1_109' title='bbox 707 1999 816 2059; x_wconf 88' lang='lat' dir='ltr'><strong>tamen</strong></span> <span class='ocrx_word' id='word_1_110' title='bbox 838 1995 966 2080; x_wconf 80' lang='lat' dir='ltr'><strong>singula</strong></span> <span class='ocrx_word' id='word_1_111' title='bbox 989 1995 1145 2079; x_wconf 89' lang='lat' dir='ltr'><strong>quaedam</strong></span> <span class='ocrx_word' id='word_1_112' title='bbox 1163 2017 1239 2060; x_wconf 88' lang='lat' dir='ltr'><strong>sana</strong></span> <span class='ocrx_word' id='word_1_113' title='bbox 1258 1997 1411 2061; x_wconf 88' lang='lat' dir='ltr'><strong>exhibent</strong></span> <span class='ocrx_word' id='word_1_114' title='bbox 1429 1997 1471 2062; x_wconf 95' lang='lat' dir='ltr'><strong>ob</strong></span> 
     </span>
     <span class='ocr_line' id='line_1_17' title="bbox 301 2102 1474 2187; baseline 0.002 -21"><span class='ocrx_word' id='word_1_115' title='bbox 301 2125 435 2187; x_wconf 89' lang='lat' dir='ltr'><strong>eamque</strong></span> <span class='ocrx_word' id='word_1_116' title='bbox 463 2125 531 2167; x_wconf 91' lang='lat' dir='ltr'><strong>rem</strong></span> <span class='ocrx_word' id='word_1_117' title='bbox 558 2102 648 2186; x_wconf 80' lang='lat' dir='ltr'><strong>digni</strong></span> <span class='ocrx_word' id='word_1_118' title='bbox 676 2106 766 2185; x_wconf 83' lang='lat' dir='ltr'><strong>sunt,</strong></span> <span class='ocrx_word' id='word_1_119' title='bbox 794 2103 850 2185; x_wconf 91' lang='lat' dir='ltr'><strong>qui</strong></span> <span class='ocrx_word' id='word_1_120' title='bbox 876 2102 998 2185; x_wconf 88' lang='lat' dir='ltr'><strong>passim</strong></span> <span class='ocrx_word' id='word_1_121' title='bbox 1023 2102 1244 2167; x_wconf 84' lang='lat' dir='ltr'><strong>adhibeantur.</strong></span> <span class='ocrx_word' id='word_1_122' title='bbox 1288 2102 1415 2168; x_wconf 90' lang='lat' dir='ltr'><strong>Horum</strong></span> <span class='ocrx_word' id='word_1_123' title='bbox 1438 2103 1474 2168; x_wconf 91' lang='lat' dir='ltr'><strong>in</strong></span> 
     </span>
     <span class='ocr_line' id='line_1_18' title="bbox 300 2208 1471 2292; baseline 0.001 -18"><span class='ocrx_word' id='word_1_124' title='bbox 300 2231 435 2274; x_wconf 90' lang='lat' dir='ltr'><strong>numero</strong></span> <span class='ocrx_word' id='word_1_125' title='bbox 463 2208 741 2292; x_wconf 87' lang='lat' dir='ltr'><strong>praestantissima</strong></span> <span class='ocrx_word' id='word_1_126' title='bbox 769 2211 817 2272; x_wconf 89' lang='lat' dir='ltr'><strong>est</strong></span> <span class='ocrx_word' id='word_1_127' title='bbox 844 2208 967 2273; x_wconf 85' lang='lat' dir='ltr'><strong>familia</strong></span> <span class='ocrx_word' id='word_1_128' title='bbox 999 2209 1116 2273; x_wconf 87' lang='lat' dir='ltr'><strong>codicis</strong></span> <span class='ocrx_word' id='word_1_129' title='bbox 1148 2209 1332 2275; x_wconf 85' lang='lat' dir='ltr'><strong>Messenii</strong></span> <span class='ocrx_word' id='word_1_130' title='bbox 1358 2233 1410 2275; x_wconf 92' lang='lat' dir='ltr'><strong>no.</strong></span> <span class='ocrx_word' id='word_1_131' title='bbox 1431 2213 1471 2275; x_wconf 89' lang='lat' dir='ltr'><strong>ll</strong></span> 
     </span>
     <span class='ocr_line' id='line_1_19' title="bbox 302 2311 1473 2404; baseline 0.003 -24"><span class='ocrx_word' id='word_1_132' title='bbox 302 2315 396 2404; x_wconf 87' lang='lat' dir='ltr'><strong>(saec.</strong></span> <span class='ocrx_word' id='word_1_133' title='bbox 419 2313 483 2380; x_wconf 88' lang='lat' dir='ltr'><strong>XII</strong></span> <span class='ocrx_word' id='word_1_134' title='bbox 512 2311 662 2400; x_wconf 83' lang='lat' dir='ltr'><strong>exeunt).</strong></span> <span class='ocrx_word' id='word_1_135' title='bbox 708 2313 809 2390; x_wconf 88' lang='lat' dir='ltr'><strong>Quem</strong></span> <span class='ocrx_word' id='word_1_136' title='bbox 835 2314 1052 2398; x_wconf 88' lang='lat' dir='ltr'><strong>principatum</strong></span> <span class='ocrx_word' id='word_1_137' title='bbox 1078 2316 1291 2381; x_wconf 85' lang='lat' dir='ltr'><strong>communicat</strong></span> <span class='ocrx_word' id='word_1_138' title='bbox 1317 2317 1373 2382; x_wconf 88' lang='lat' dir='ltr'><strong>ille</strong></span> <span class='ocrx_word' id='word_1_139' title='bbox 1400 2340 1473 2383; x_wconf 94' lang='lat' dir='ltr'><strong>cum</strong></span> 
     </span>
     <span class='ocr_line' id='line_1_20' title="bbox 301 2417 1472 2507; baseline 0.003 -22"><span class='ocrx_word' id='word_1_140' title='bbox 301 2422 555 2487; x_wconf 85' lang='lat' dir='ltr'><strong>Ambrosiano</strong></span> <span class='ocrx_word' id='word_1_141' title='bbox 583 2420 605 2484; x_wconf 87' lang='lat' dir='ltr'>J</span> <span class='ocrx_word' id='word_1_142' title='bbox 629 2419 671 2483; x_wconf 83' lang='lat'><strong>15</strong></span> <span class='ocrx_word' id='word_1_143' title='bbox 705 2417 798 2507; x_wconf 85' lang='lat' dir='ltr'><strong>(saec.</strong></span> <span class='ocrx_word' id='word_1_144' title='bbox 822 2419 922 2507; x_wconf 81' lang='lat' dir='ltr'><strong>XIV).</strong></span> <span class='ocrx_word' id='word_1_145' title='bbox 974 2420 1172 2487; x_wconf 89' lang='lat' dir='ltr'><strong>Messanium</strong></span> <span class='ocrx_word' id='word_1_146' title='bbox 1204 2424 1267 2487; x_wconf 89' lang='lat' dir='ltr'><strong>iam</strong></span> <span class='ocrx_word' id='word_1_147' title='bbox 1300 2423 1472 2488; x_wconf 86' lang='lat' dir='ltr'><strong>Kinkelius</strong></span> 
     </span>
     <span class='ocr_line' id='line_1_21' title="bbox 301 2525 1473 2615; baseline 0.001 -22"><span class='ocrx_word' id='word_1_148' title='bbox 301 2530 416 2593; x_wconf 89' lang='lat' dir='ltr'><strong>merito</strong></span> <span class='ocrx_word' id='word_1_149' title='bbox 451 2525 679 2615; x_wconf 76' lang='lat' dir='ltr'><strong>aestimavit4):</strong></span> <span class='ocrx_word' id='word_1_150' title='bbox 711 2527 816 2591; x_wconf 84' lang='lat' dir='ltr'><strong>fusius</strong></span> <span class='ocrx_word' id='word_1_151' title='bbox 849 2532 898 2592; x_wconf 89' lang='lat' dir='ltr'><strong>est</strong></span> <span class='ocrx_word' id='word_1_152' title='bbox 926 2530 1145 2614; x_wconf 85' lang='lat' dir='ltr'><strong>explanatum,</strong></span> <span class='ocrx_word' id='word_1_153' title='bbox 1178 2530 1255 2614; x_wconf 92' lang='lat' dir='ltr'><strong>quid</strong></span> <span class='ocrx_word' id='word_1_154' title='bbox 1283 2535 1367 2596; x_wconf 88' lang='lat' dir='ltr'><strong>esset</strong></span> <span class='ocrx_word' id='word_1_155' title='bbox 1394 2531 1473 2596; x_wconf 92' lang='lat' dir='ltr'><strong>boni</strong></span> 
     </span>
    </p>
   </div>
   <div class='ocr_carea' id='block_1_3' title="bbox 301 2632 1473 3150">
    <p class='ocr_par' dir='ltr' id='par_1_5' title="bbox 301 2632 1473 3150">
     <span class='ocr_line' id='line_1_22' title="bbox 301 2632 1472 2724; baseline 0.001 -24"><span class='ocrx_word' id='word_1_156' title='bbox 301 2636 336 2699; x_wconf 91' lang='lat' dir='ltr'><strong>in</strong></span> <span class='ocrx_word' id='word_1_157' title='bbox 367 2635 429 2700; x_wconf 89' lang='lat' dir='ltr'><strong>hoe</strong></span> <span class='ocrx_word' id='word_1_158' title='bbox 459 2633 559 2718; x_wconf 79' lang='lat' dir='ltr'><strong>libro,</strong></span> <span class='ocrx_word' id='word_1_159' title='bbox 596 2633 636 2699; x_wconf 87' lang='lat' dir='ltr'><strong>ab</strong></span> <span class='ocrx_word' id='word_1_160' title='bbox 669 2633 709 2697; x_wconf 93' lang='grc' dir='ltr'><strong>Η.</strong></span> <span class='ocrx_word' id='word_1_161' title='bbox 737 2632 868 2698; x_wconf 82' lang='lat' dir='ltr'><strong>Flachio</strong></span> <span class='ocrx_word' id='word_1_162' title='bbox 905 2635 941 2699; x_wconf 91' lang='lat' dir='ltr'><strong>in</strong></span> <span class='ocrx_word' id='word_1_163' title='bbox 970 2635 1126 2719; x_wconf 86' lang='lat' dir='ltr'><strong>peculiari</strong></span> <span class='ocrx_word' id='word_1_164' title='bbox 1158 2635 1472 2724; x_wconf 80' lang='lat' dir='ltr'><strong>commentatione⁵);</strong></span> 
     </span>
     <span class='ocr_line' id='line_1_23' title="bbox 302 2740 1473 2830; baseline 0.003 -24"><span class='ocrx_word' id='word_1_165' title='bbox 302 2742 424 2827; x_wconf 88' lang='lat' dir='ltr'><strong>optime</strong></span> <span class='ocrx_word' id='word_1_166' title='bbox 447 2742 485 2805; x_wconf 92' lang='lat' dir='ltr'><strong>de</strong></span> <span class='ocrx_word' id='word_1_167' title='bbox 507 2740 569 2805; x_wconf 88' lang='lat' dir='ltr'><strong>hoc</strong></span> <span class='ocrx_word' id='word_1_168' title='bbox 592 2761 721 2824; x_wconf 86' lang='lat' dir='ltr'><strong>quoque</strong></span> <span class='ocrx_word' id='word_1_169' title='bbox 738 2762 842 2824; x_wconf 90' lang='lat' dir='ltr'><strong>nuper</strong></span> <span class='ocrx_word' id='word_1_170' title='bbox 859 2740 1060 2830; x_wconf 80' lang='lat' dir='ltr'><strong>Rzaohius.⁶)</strong></span> <span class='ocrx_word' id='word_1_171' title='bbox 1095 2741 1347 2809; x_wconf 86' lang='lat' dir='ltr'><strong>Ambrosianum</strong></span> <span class='ocrx_word' id='word_1_172' title='bbox 1366 2748 1473 2809; x_wconf 91' lang='lat' dir='ltr'><strong>autem</strong></span> 
     </span>
     <span class='ocr_line' id='line_1_24' title="bbox 301 2846 1472 2935; baseline 0.002 -23"><span class='ocrx_word' id='word_1_173' title='bbox 301 2849 422 2913; x_wconf 91' lang='lat' dir='ltr'><strong>librum</strong></span> <span class='ocrx_word' id='word_1_174' title='bbox 454 2870 556 2932; x_wconf 91' lang='lat' dir='ltr'><strong>usque</strong></span> <span class='ocrx_word' id='word_1_175' title='bbox 588 2847 627 2911; x_wconf 88' lang='lat' dir='ltr'><strong>ad</strong></span> <span class='ocrx_word' id='word_1_176' title='bbox 659 2847 834 2912; x_wconf 88' lang='lat' dir='ltr'><strong>editionem</strong></span> <span class='ocrx_word' id='word_1_177' title='bbox 861 2846 1075 2913; x_wconf 86' lang='lat' dir='ltr'><strong>Rzachianam</strong></span> <span class='ocrx_word' id='word_1_178' title='bbox 1106 2871 1200 2915; x_wconf 88' lang='lat' dir='ltr'><strong>nemo</strong></span> <span class='ocrx_word' id='word_1_179' title='bbox 1233 2851 1299 2915; x_wconf 87' lang='lat' dir='ltr'><strong>fere</strong></span> <span class='ocrx_word' id='word_1_180' title='bbox 1329 2856 1472 2935; x_wconf 85' lang='lat' dir='ltr'><strong>noverat,</strong></span> 
     </span>
     <span class='ocr_line' id='line_1_25' title="bbox 304 2952 1471 3044; baseline 0.003 -24"><span class='ocrx_word' id='word_1_181' title='bbox 304 2978 498 3039; x_wconf 90' lang='lat' dir='ltr'><strong>quamquam</strong></span> <span class='ocrx_word' id='word_1_182' title='bbox 517 2956 585 3018; x_wconf 91' lang='lat' dir='ltr'><strong>erat</strong></span> <span class='ocrx_word' id='word_1_183' title='bbox 603 2954 689 3017; x_wconf 88' lang='lat' dir='ltr'><strong>inter</strong></span> <span class='ocrx_word' id='word_1_184' title='bbox 707 2953 782 3017; x_wconf 87' lang='lat' dir='ltr'><strong>illos</strong></span> <span class='ocrx_word' id='word_1_185' title='bbox 800 2976 876 3039; x_wconf 84' lang='lat' dir='ltr'><strong>„sex</strong></span> <span class='ocrx_word' id='word_1_186' title='bbox 893 2952 1146 3021; x_wconf 82' lang='lat' dir='ltr'><strong>Ambrosian0s“</strong></span> <span class='ocrx_word' id='word_1_187' title='bbox 1163 2956 1288 3044; x_wconf 79' lang='lat' dir='ltr'><strong>Lanzii3</strong></span> <span class='ocrx_word' id='word_1_188' title='bbox 1307 2959 1471 3043; x_wconf 88' lang='lat' dir='ltr'><strong>aliquanto</strong></span> 
     </span>
     <span class='ocr_line' id='line_1_26' title="bbox 301 3059 1473 3150; baseline 0.006 -27"><span class='ocrx_word' id='word_1_189' title='bbox 301 3060 404 3145; x_wconf 85' lang='lat' dir='ltr'><strong>pluris</strong></span> <span class='ocrx_word' id='word_1_190' title='bbox 428 3083 525 3145; x_wconf 89' lang='lat' dir='ltr'><strong>quam</strong></span> <span class='ocrx_word' id='word_1_191' title='bbox 546 3082 605 3142; x_wconf 89' lang='lat' dir='ltr'><strong>par</strong></span> <span class='ocrx_word' id='word_1_192' title='bbox 624 3064 694 3123; x_wconf 87' lang='lat' dir='ltr'><strong>erat</strong></span> <span class='ocrx_word' id='word_1_193' title='bbox 712 3059 944 3125; x_wconf 88' lang='lat' dir='ltr'><strong>aestimabatur</strong></span> <span class='ocrx_word' id='word_1_194' title='bbox 962 3062 1003 3126; x_wconf 93' lang='lat' dir='ltr'><strong>ab</strong></span> <span class='ocrx_word' id='word_1_195' title='bbox 1023 3084 1069 3147; x_wconf 86' lang='lat' dir='ltr'><strong>co,</strong></span> <span class='ocrx_word' id='word_1_196' title='bbox 1093 3065 1149 3148; x_wconf 92' lang='lat' dir='ltr'><strong>qui</strong></span> <span class='ocrx_word' id='word_1_197' title='bbox 1167 3065 1290 3150; x_wconf 92' lang='lat' dir='ltr'><strong>primus</strong></span> <span class='ocrx_word' id='word_1_198' title='bbox 1309 3088 1383 3131; x_wconf 94' lang='lat' dir='ltr'><strong>eum</strong></span> <span class='ocrx_word' id='word_1_199' title='bbox 1401 3088 1473 3132; x_wconf 89' lang='lat' dir='ltr'><strong>con-</strong></span> 
     </span>
    </p>
   </div>
   <div class='ocr_carea' id='block_1_4' title="bbox 302 3258 1473 4317">
    <p class='ocr_par' dir='ltr' id='par_1_6' title="bbox 302 3258 1473 3520">
     <span class='ocr_line' id='line_1_27' title="bbox 393 3258 1472 3346; baseline 0.006 -21"><span class='ocrx_word' id='word_1_200' title='bbox 393 3274 419 3340; x_wconf 83' lang='lat'><strong>1)</strong></span> <span class='ocrx_word' id='word_1_201' title='bbox 438 3271 510 3340; x_wconf 84' lang='lat' dir='ltr'><strong>„Zur</strong></span> <span class='ocrx_word' id='word_1_202' title='bbox 533 3270 654 3323; x_wconf 81' lang='lat' dir='ltr'><strong>tltesten</strong></span> <span class='ocrx_word' id='word_1_203' title='bbox 673 3258 888 3341; x_wconf 79' lang='lat' dir='ltr'><strong>llberHeferung</strong></span> <span class='ocrx_word' id='word_1_204' title='bbox 911 3272 960 3327; x_wconf 91' lang='lat' dir='ltr'><strong>der</strong></span> <span class='ocrx_word' id='word_1_205' title='bbox 978 3273 1052 3344; x_wconf 83' lang='lat' dir='ltr'><strong>Erga</strong></span> <span class='ocrx_word' id='word_1_206' title='bbox 1075 3274 1124 3329; x_wconf 91' lang='lat' dir='ltr'><strong>des</strong></span> <span class='ocrx_word' id='word_1_207' title='bbox 1143 3275 1299 3330; x_wconf 86' lang='lat' dir='ltr'><strong>Hesiodos“</strong></span> <span class='ocrx_word' id='word_1_208' title='bbox 1322 3277 1352 3329; x_wconf 91' lang='lat' dir='ltr'><strong>in</strong></span> <span class='ocrx_word' id='word_1_209' title='bbox 1375 3277 1472 3346; x_wconf 76' lang='lat' dir='ltr'><strong>„Sym-</strong></span> 
     </span>
     <span class='ocr_line' id='line_1_28' title="bbox 302 3360 1473 3435; baseline 0.006 -22"><span class='ocrx_word' id='word_1_210' title='bbox 302 3360 385 3414; x_wconf 91' lang='lat' dir='ltr'><strong>bolae</strong></span> <span class='ocrx_word' id='word_1_211' title='bbox 413 3360 585 3428; x_wconf 83' lang='lat' dir='ltr'><strong>Pragenses“</strong></span> <span class='ocrx_word' id='word_1_212' title='bbox 611 3363 679 3412; x_wconf 87' lang='grc'>1893</span> <span class='ocrx_word' id='word_1_213' title='bbox 707 3377 734 3428; x_wconf 91' lang='lat' dir='ltr'><strong>p.</strong></span> <span class='ocrx_word' id='word_1_214' title='bbox 755 3365 903 3416; x_wconf 77' lang='lat' dir='ltr'><strong>rat-194.</strong></span> <span class='ocrx_word' id='word_1_215' title='bbox 941 3361 980 3416; x_wconf 78' lang='lat' dir='ltr'><strong>ef.</strong></span> <span class='ocrx_word' id='word_1_216' title='bbox 1010 3363 1200 3417; x_wconf 87' lang='lat' dir='ltr'><strong>recensionem</strong></span> <span class='ocrx_word' id='word_1_217' title='bbox 1226 3366 1259 3420; x_wconf 83' lang='lat' dir='ltr'><strong>R.</strong></span> <span class='ocrx_word' id='word_1_218' title='bbox 1283 3365 1473 3435; x_wconf 79' lang='lat' dir='ltr'><strong>Peppmiilleri</strong></span> 
     </span>
     <span class='ocr_line' id='line_1_29' title="bbox 303 3447 1099 3520; baseline 0.006 -19"><span class='ocrx_word' id='word_1_219' title='bbox 303 3448 448 3518; x_wconf 86' lang='lat' dir='ltr'><strong>„Berliner</strong></span> <span class='ocrx_word' id='word_1_220' title='bbox 465 3447 563 3517; x_wconf 85' lang='lat' dir='ltr'><strong>philol.</strong></span> <span class='ocrx_word' id='word_1_221' title='bbox 582 3447 827 3502; x_wconf 84' lang='lat' dir='ltr'><strong>Woohenschrift“</strong></span> <span class='ocrx_word' id='word_1_222' title='bbox 847 3455 917 3504; x_wconf 89' lang='grc'>1894</span> <span class='ocrx_word' id='word_1_223' title='bbox 934 3469 961 3520; x_wconf 92' lang='lat' dir='ltr'><strong>p.</strong></span> <span class='ocrx_word' id='word_1_224' title='bbox 977 3457 1028 3505; x_wconf 80' lang='lat'><strong>192</strong></span> <span class='ocrx_word' id='word_1_225' title='bbox 1039 3469 1099 3520; x_wconf 88' lang='lat' dir='ltr'><strong>sqq.</strong></span> 
     </span>
    </p>

    <p class='ocr_par' dir='ltr' id='par_1_7' title="bbox 303 3536 1471 3699">
     <span class='ocr_line' id='line_1_30' title="bbox 393 3536 1471 3612; baseline 0.004 -22"><span class='ocrx_word' id='word_1_226' title='bbox 393 3540 419 3607; x_wconf 82' lang='lat'><strong>2)</strong></span> <span class='ocrx_word' id='word_1_227' title='bbox 437 3537 466 3590; x_wconf 92' lang='lat' dir='ltr'>M</span> <span class='ocrx_word' id='word_1_228' title='bbox 491 3539 534 3590; x_wconf 91' lang='lat' dir='ltr'><strong>est</strong></span> <span class='ocrx_word' id='word_1_229' title='bbox 555 3536 712 3606; x_wconf 81' lang='lat' dir='ltr'><strong>Koechlyo‚</strong></span> <span class='ocrx_word' id='word_1_230' title='bbox 735 3537 867 3592; x_wconf 83' lang='lat' dir='ltr'><strong>Kinkelio</strong></span> <span class='ocrx_word' id='word_1_231' title='bbox 891 3541 920 3593; x_wconf 90' lang='lat' dir='ltr'><strong>et</strong></span> <span class='ocrx_word' id='word_1_232' title='bbox 937 3540 1061 3595; x_wconf 81' lang='lat' dir='ltr'><strong>Rzaohio</strong></span> <span class='ocrx_word' id='word_1_233' title='bbox 1084 3540 1114 3594; x_wconf 89' lang='lat' dir='ltr'><strong>in</strong></span> <span class='ocrx_word' id='word_1_234' title='bbox 1138 3541 1261 3595; x_wconf 86' lang='lat' dir='ltr'><strong>editione</strong></span> <span class='ocrx_word' id='word_1_235' title='bbox 1284 3542 1389 3612; x_wconf 84' lang='lat' dir='ltr'><strong>priore,</strong></span> <span class='ocrx_word' id='word_1_236' title='bbox 1412 3543 1471 3596; x_wconf 79' lang='lat' dir='ltr'><strong>Ma</strong></span> 
     </span>
     <span class='ocr_line' id='line_1_31' title="bbox 303 3624 1471 3699; baseline 0.003 -19"><span class='ocrx_word' id='word_1_237' title='bbox 303 3625 477 3695; x_wconf 77' lang='lat' dir='ltr'><strong>Goettlingio</strong></span> <span class='ocrx_word' id='word_1_238' title='bbox 497 3627 526 3678; x_wconf 90' lang='lat' dir='ltr'><strong>et</strong></span> <span class='ocrx_word' id='word_1_239' title='bbox 544 3624 668 3694; x_wconf 87' lang='lat' dir='ltr'><strong>Flachio,</strong></span> <span class='ocrx_word' id='word_1_240' title='bbox 688 3625 761 3681; x_wconf 91' lang='lat' dir='ltr'><strong>Med.</strong></span> <span class='ocrx_word' id='word_1_241' title='bbox 777 3632 801 3681; x_wconf 80' lang='lat'><strong>5.</strong></span> <span class='ocrx_word' id='word_1_242' title='bbox 820 3627 925 3681; x_wconf 83' lang='lat' dir='ltr'><strong>Lanzio</strong></span> <span class='ocrx_word' id='word_1_243' title='bbox 943 3631 994 3683; x_wconf 89' lang='lat' dir='ltr'><strong>etc.</strong></span> <span class='ocrx_word' id='word_1_244' title='bbox 1015 3628 1126 3684; x_wconf 84' lang='lat' dir='ltr'><strong>Sittlius</strong></span> <span class='ocrx_word' id='word_1_245' title='bbox 1146 3629 1319 3699; x_wconf 86' lang='lat' dir='ltr'><strong>compendiis</strong></span> <span class='ocrx_word' id='word_1_246' title='bbox 1338 3631 1471 3685; x_wconf 87' lang='lat' dir='ltr'><strong>abstinet.</strong></span> 
     </span>
    </p>

    <p class='ocr_par' dir='ltr' id='par_1_8' title="bbox 303 3700 1472 3871">
     <span class='ocr_line' id='line_1_32' title="bbox 392 3700 1472 3784; baseline 0.006 -18"><span class='ocrx_word' id='word_1_247' title='bbox 392 3719 419 3784; x_wconf 74' lang='lat' dir='ltr'><strong>a)</strong></span> <span class='ocrx_word' id='word_1_248' title='bbox 438 3714 508 3783; x_wconf 74' lang='lat' dir='ltr'><strong>„me</strong></span> <span class='ocrx_word' id='word_1_249' title='bbox 535 3713 639 3767; x_wconf 71' lang='lat' dir='ltr'><strong>beroen</strong></span> <span class='ocrx_word' id='word_1_250' title='bbox 666 3714 788 3768; x_wconf 70' lang='lat' dir='ltr'><strong>crusna</strong></span> <span class='ocrx_word' id='word_1_251' title='bbox 812 3716 1031 3771; x_wconf 62' lang='lat' dir='ltr'><strong>cuissiacen</strong></span> <span class='ocrx_word' id='word_1_252' title='bbox 1055 3719 1103 3771; x_wconf 71' lang='lat' dir='ltr'><strong>xes</strong></span> <span class='ocrx_word' id='word_1_253' title='bbox 1124 3700 1235 3772; x_wconf 70' lang='lat' dir='ltr'><strong>hesron</strong></span> <span class='ocrx_word' id='word_1_254' title='bbox 1256 3718 1315 3772; x_wconf 79' lang='lat' dir='ltr'><strong>unu</strong></span> <span class='ocrx_word' id='word_1_255' title='bbox 1337 3720 1398 3774; x_wconf 72' lang='lat' dir='ltr'><strong>rnre</strong></span> <span class='ocrx_word' id='word_1_256' title='bbox 1420 3720 1472 3773; x_wconf 76' lang='lat' dir='ltr'><strong>ne-</strong></span> 
     </span>
     <span class='ocr_line' id='line_1_33' title="bbox 303 3801 850 3871; baseline 0.005 -16"><span class='ocrx_word' id='word_1_257' title='bbox 303 3802 429 3871; x_wconf 81' lang='lat' dir='ltr'><strong>deutung</strong></span> <span class='ocrx_word' id='word_1_258' title='bbox 446 3801 492 3854; x_wconf 83' lang='lat' dir='ltr'><strong>fiir</strong></span> <span class='ocrx_word' id='word_1_259' title='bbox 510 3801 556 3855; x_wconf 89' lang='lat' dir='ltr'><strong>die</strong></span> <span class='ocrx_word' id='word_1_260' title='bbox 575 3802 752 3857; x_wconf 86' lang='lat' dir='ltr'><strong>Textkritik“</strong></span> <span class='ocrx_word' id='word_1_261' title='bbox 773 3810 850 3859; x_wconf 80' lang='grc'>1876.</span> 
     </span>
    </p>

    <p class='ocr_par' dir='ltr' id='par_1_9' title="bbox 302 3889 1472 4033">
     <span class='ocr_line' id='line_1_34' title="bbox 391 3889 1472 3966; baseline 0.006 -22"><span class='ocrx_word' id='word_1_262' title='bbox 391 3893 418 3959; x_wconf 88' lang='grc'><strong>4)</strong></span> <span class='ocrx_word' id='word_1_263' title='bbox 436 3889 470 3943; x_wconf 82' lang='lat' dir='ltr'><strong>Ei</strong></span> <span class='ocrx_word' id='word_1_264' title='bbox 489 3891 550 3944; x_wconf 91' lang='lat' dir='ltr'><strong>erat</strong></span> <span class='ocrx_word' id='word_1_265' title='bbox 568 3911 599 3961; x_wconf 70' lang='grc' dir='ltr'><strong>μς</strong></span> <span class='ocrx_word' id='word_1_266' title='bbox 618 3891 752 3945; x_wconf 86' lang='lat' dir='ltr'><strong>lectiones</strong></span> <span class='ocrx_word' id='word_1_267' title='bbox 772 3895 838 3963; x_wconf 87' lang='lat' dir='ltr'><strong>(non</strong></span> <span class='ocrx_word' id='word_1_268' title='bbox 857 3910 952 3948; x_wconf 86' lang='lat' dir='ltr'><strong>omnes</strong></span> <span class='ocrx_word' id='word_1_269' title='bbox 972 3897 1113 3966; x_wconf 84' lang='lat' dir='ltr'><strong>accurate)</strong></span> <span class='ocrx_word' id='word_1_270' title='bbox 1131 3896 1195 3951; x_wconf 88' lang='lat' dir='ltr'><strong>Alb.</strong></span> <span class='ocrx_word' id='word_1_271' title='bbox 1214 3896 1352 3951; x_wconf 80' lang='lat' dir='ltr'><strong>Guethius</strong></span> <span class='ocrx_word' id='word_1_272' title='bbox 1372 3912 1472 3966; x_wconf 87' lang='lat' dir='ltr'><strong>suppe—</strong></span> 
     </span>
     <span class='ocr_line' id='line_1_35' title="bbox 302 3979 451 4033; baseline 0 -2"><span class='ocrx_word' id='word_1_273' title='bbox 302 3979 451 4033; x_wconf 80' lang='lat' dir='ltr'><strong>ditaverat.</strong></span> 
     </span>
    </p>

    <p class='ocr_par' dir='ltr' id='par_1_10' title="bbox 302 4066 1472 4317">
     <span class='ocr_line' id='line_1_36' title="bbox 391 4066 1472 4144; baseline 0.008 -24"><span class='ocrx_word' id='word_1_274' title='bbox 391 4066 628 4135; x_wconf 79' lang='lat' dir='ltr'><strong>o)„Jahrb1·ioher</strong></span> <span class='ocrx_word' id='word_1_275' title='bbox 654 4070 700 4123; x_wconf 80' lang='lat' dir='ltr'><strong>fiir</strong></span> <span class='ocrx_word' id='word_1_276' title='bbox 726 4070 798 4126; x_wconf 90' lang='lat' dir='ltr'><strong>Phil.</strong></span> <span class='ocrx_word' id='word_1_277' title='bbox 827 4071 885 4124; x_wconf 91' lang='lat' dir='ltr'><strong>und</strong></span> <span class='ocrx_word' id='word_1_278' title='bbox 912 4072 999 4127; x_wconf 70' lang='lat' dir='ltr'><strong>Ptdf‘</strong></span> <span class='ocrx_word' id='word_1_279' title='bbox 1024 4079 1092 4127; x_wconf 90' lang='grc'>1880</span> <span class='ocrx_word' id='word_1_280' title='bbox 1115 4093 1142 4144; x_wconf 90' lang='lat' dir='ltr'><strong>p.</strong></span> <span class='ocrx_word' id='word_1_281' title='bbox 1164 4081 1214 4129; x_wconf 84' lang='grc'><strong>157</strong></span> <span class='ocrx_word' id='word_1_282' title='bbox 1228 4092 1287 4144; x_wconf 90' lang='lat' dir='ltr'><strong>sqq.</strong></span> <span class='ocrx_word' id='word_1_283' title='bbox 1324 4074 1472 4129; x_wconf 86' lang='lat' dir='ltr'><strong>Lectiones</strong></span> 
     </span>
     <span class='ocr_line' id='line_1_37' title="bbox 303 4154 1472 4232; baseline 0.008 -24"><span class='ocrx_word' id='word_1_284' title='bbox 303 4155 388 4209; x_wconf 89' lang='lat' dir='ltr'><strong>debet</strong></span> <span class='ocrx_word' id='word_1_285' title='bbox 408 4154 440 4209; x_wconf 81' lang='lat' dir='ltr'><strong>G.</strong></span> <span class='ocrx_word' id='word_1_286' title='bbox 460 4155 584 4225; x_wconf 75' lang='lat' dir='ltr'><strong>Loeuio,</strong></span> <span class='ocrx_word' id='word_1_287' title='bbox 613 4157 729 4212; x_wconf 83' lang='lat' dir='ltr'><strong>Flachio</strong></span> <span class='ocrx_word' id='word_1_288' title='bbox 757 4158 794 4212; x_wconf 85' lang='lat' dir='ltr'><strong>ad</strong></span> <span class='ocrx_word' id='word_1_289' title='bbox 823 4159 976 4215; x_wconf 89' lang='lat' dir='ltr'><strong>editionem</strong></span> <span class='ocrx_word' id='word_1_290' title='bbox 1002 4162 1123 4232; x_wconf 90' lang='lat' dir='ltr'><strong>priorem</strong></span> <span class='ocrx_word' id='word_1_291' title='bbox 1145 4163 1297 4232; x_wconf 82' lang='lat' dir='ltr'><strong>Rzachius3</strong></span> <span class='ocrx_word' id='word_1_292' title='bbox 1326 4164 1361 4217; x_wconf 87' lang='lat' dir='ltr'><strong>cf.</strong></span> <span class='ocrx_word' id='word_1_293' title='bbox 1386 4164 1472 4219; x_wconf 83' lang='lat' dir='ltr'><strong>etiam</strong></span> 
     </span>
     <span class='ocr_line' id='line_1_38' title="bbox 302 4243 890 4317; baseline 0.015 -22"><span class='ocrx_word' id='word_1_294' title='bbox 302 4243 436 4297; x_wconf 79' lang='lat' dir='ltr'><strong>Riihlium</strong></span> <span class='ocrx_word' id='word_1_295' title='bbox 454 4243 653 4314; x_wconf 79' lang='lat' dir='ltr'><strong>„Philologus“</strong></span> <span class='ocrx_word' id='word_1_296' title='bbox 672 4253 706 4300; x_wconf 91' lang='grc'><strong>47</strong></span> <span class='ocrx_word' id='word_1_297' title='bbox 725 4265 752 4316; x_wconf 89' lang='lat' dir='ltr'><strong>p.</strong></span> <span class='ocrx_word' id='word_1_298' title='bbox 768 4253 820 4301; x_wconf 82' lang='grc'><strong>578</strong></span> <span class='ocrx_word' id='word_1_299' title='bbox 831 4267 890 4317; x_wconf 91' lang='lat' dir='ltr'><strong>sqq.</strong></span> 
     </span>
    </p>
   </div>
   <div class='ocr_carea' id='block_1_5' title="bbox 303 4331 1473 4493">
    <p class='ocr_par' dir='ltr' id='par_1_11' title="bbox 303 4331 1473 4493">
     <span class='ocr_line' id='line_1_39' title="bbox 392 4331 1473 4413; baseline 0.012 -29"><span class='ocrx_word' id='word_1_300' title='bbox 392 4337 419 4402; x_wconf 87' lang='grc'><strong>6)</strong></span> <span class='ocrx_word' id='word_1_301' title='bbox 439 4331 508 4402; x_wconf 86' lang='lat' dir='ltr'><strong>„Die</strong></span> <span class='ocrx_word' id='word_1_302' title='bbox 537 4333 622 4403; x_wconf 84' lang='lat' dir='ltr'><strong>Sippe</strong></span> <span class='ocrx_word' id='word_1_303' title='bbox 650 4336 698 4389; x_wconf 93' lang='lat' dir='ltr'><strong>des</strong></span> <span class='ocrx_word' id='word_1_304' title='bbox 723 4336 816 4391; x_wconf 81' lang='lat' dir='ltr'><strong>Codex</strong></span> <span class='ocrx_word' id='word_1_305' title='bbox 839 4338 995 4394; x_wconf 82' lang='lat' dir='ltr'><strong>Messenius</strong></span> <span class='ocrx_word' id='word_1_306' title='bbox 1024 4341 1074 4394; x_wconf 91' lang='lat' dir='ltr'><strong>der</strong></span> <span class='ocrx_word' id='word_1_307' title='bbox 1101 4341 1299 4396; x_wconf 89' lang='lat' dir='ltr'><strong>hesiodisohen</strong></span> <span class='ocrx_word' id='word_1_308' title='bbox 1321 4342 1415 4413; x_wconf 82' lang='lat' dir='ltr'><strong>Erga“</strong></span> <span class='ocrx_word' id='word_1_309' title='bbox 1442 4342 1473 4396; x_wconf 92' lang='lat' dir='ltr'><strong>in</strong></span> 
     </span>
     <span class='ocr_line' id='line_1_40' title="bbox 303 4420 699 4493; baseline 0.005 -17"><span class='ocrx_word' id='word_1_310' title='bbox 303 4422 401 4493; x_wconf 85' lang='lat' dir='ltr'><strong>„Serta</strong></span> <span class='ocrx_word' id='word_1_311' title='bbox 419 4420 603 4476; x_wconf 83' lang='lat' dir='ltr'><strong>Harteliana“</strong></span> <span class='ocrx_word' id='word_1_312' title='bbox 623 4429 699 4478; x_wconf 87' lang='grc'>1896.</span> 
     </span>
    </p>
   </div>
   <div class='ocr_carea' id='block_1_6' title="bbox 0 0 1676 5168">
    <p class='ocr_par' dir='ltr' id='par_1_12' title="bbox 0 0 1676 5168">
     <span class='ocr_line' id='line_1_41' title="bbox 0 0 1676 5168; baseline 0 0"><span class='ocrx_word' id='word_1_313' title='bbox 0 0 1676 5168; x_wconf 95' lang='lat' dir='ltr'><strong> </strong></span> 
     </span>
    </p>
   </div>
  </div>
 </body>
</html>
