3342 5168
314 290 358 354 50
783 289 895 344 Scholia
913 289 1014 345 Procli.

315 452 433 517 dicitur
455 450 548 537 μέγα,
571 451 655 516 idem
678 452 868 517 vocabulum
891 452 1035 537 positum
1057 474 1126 518 esse
1145 474 1239 537 saepe
1256 453 1292 518 in
1309 454 1380 538 ipso
1399 453 1485 537 prin·

313 559 398 642 cipio
425 558 548 643 capitis.
595 555 699 641 Supra
727 563 835 623 autem
862 558 1001 624 vidimus
1028 560 1063 624 in
1091 559 1197 624 codiee
1219 558 1379 624 Vossiano
1405 560 1485 644 Ety-

312 664 465 750 mologici
492 663 603 750 Magni
635 664 686 728 vel
717 664 799 729 illud
831 666 938 743 ἄλλως
965 687 1034 731 esse
1061 688 1125 731 uno
1153 666 1225 731 loco
1253 669 1483 732 conservatum
1522 700 1525 712 ·

312 769 407 837 Illam
429 793 506 836 vero
529 771 785 854 copiosissimam
809 771 847 835 de
870 793 947 836 voce
967 769 1201 857 Ἀργειφόντης
1224 771 1484 860 disputationem,

311 877 347 940 in
376 900 439 961 qua
467 881 560 942 tanta
583 882 632 943 est
655 878 747 962 eopia
769 877 932 943 doctrinae
955 878 989 942 in
1011 879 1092 962 ipsis
1116 877 1246 943 scholiis
1268 900 1354 944 nunc
1376 879 1484 964 deper-

313 983 413 1070 ditae,
441 985 556 1049 utrix
579 984 778 1071 mirumsit,
805 984 834 1049 si
857 984 930 1068 quis
953 984 991 1049 de
1014 986 1162 1069 pluribus
1185 985 1331 1050 fontibus
1354 985 1483 1071 cogitet,

311 1089 396 1155 hanc
422 1094 526 1156 totam
558 1091 683 1175 copiam
705 1094 818 1156 auctor
841 1091 949 1175 Etym.
974 1091 1112 1156 Gudiani
1135 1115 1165 1177 p.
1185 1092 1237 1178 71,
1255 1092 1298 1156 42
1322 1091 1362 1156 ad
1383 1112 1483 1156 unum

279 1244 281 1249 «
310 1196 403 1260 illum
425 1195 548 1261 fontem
571 1197 762 1261 nominatim
784 1198 954 1262 revocavit.

401 1300 494 1367 Unus
517 1301 712 1368 Eustathius
740 1302 964 1368 difficultatem
990 1307 1106 1368 movet.
1151 1302 1237 1368 Nam
1262 1304 1388 1370 etiamsi
1410 1326 1482 1369 con·

311 1412 377 1473 stat
403 1407 489 1473 hunc
515 1409 678 1474 hominem
706 1410 889 1494 saepissime
917 1410 958 1475 ad
984 1411 1118 1475 verbum
1146 1411 1354 1495 exscripsisse
1375 1411 1482 1477 fontes

311 1536 398 1602 suos,
419 1537 578 1600 nusquam
601 1520 709 1581 tamen
733 1516 836 1602 offert,
858 1516 942 1581 unde
966 1516 1111 1602 singulos
1130 1517 1237 1582 fontes
1260 1541 1279 1583 a
1301 1519 1414 1582 ceteris
1437 1518 1481 1582 di-

309 1622 493 1687 iudioemus.
518 1622 745 1688 Contaminare
763 1623 849 1687 enim
863 1622 946 1688 solet
959 1623 1078 1709 plures,
1095 1644 1153 1688 nee
1167 1624 1236 1687 sine
1250 1628 1319 1689 arte
1336 1624 1480 1708 quadam.

311 1725 394 1793 Cum
416 1734 526 1794 tamen
548 1729 648 1794 semel
671 1730 853 1795 confessum
875 1734 1041 1794 teneamus
1063 1730 1156 1794 illum
1175 1752 1209 1794 se
1228 1730 1341 1794 debere
1360 1729 1482 1814 aliquid

309 1836 493 1921 „veteribus
516 1835 652 1901 Hesiodi
674 1820 923 1922 interpretibus“
947 1834 998 1924 (cf.
1021 1835 1129 1901 locum
1151 1858 1249 1920 supra
1271 1836 1420 1923 allatum,
1441 1836 1481 1900 sd

307 1941 396 2006 lliad.
419 1965 449 2026 p.
475 1943 548 2028 194,
565 1940 637 2030 31),
660 1965 698 2007 ea
719 1943 791 2028 ipsa
808 1965 843 2007 re
872 1943 1026 2029 ostendit,
1049 1942 1112 2007 sibi
1137 1943 1198 2007 hos
1221 1943 1320 2007 fuisse
1342 1946 1479 2027 praesto.

308 2047 431 2112 Tamen
456 2049 642 2114 cautissime
669 2049 731 2113 erit
759 2049 957 2114 adhibendus
985 2049 1024 2113 ad
1053 2049 1252 2114 restituenda
1274 2048 1396 2114 scholia
1418 2047 1480 2114 He·

308 2153 424 2220 siodea.
470 2154 562 2230 Quod
584 2177 701 2220 munus
722 2156 818 2221 nobis
841 2156 906 2220 iam
928 2160 978 2222 est
1002 2156 1247 2241 suscipiendum.

875 2352 904 2416 6.

397 2471 506 2542 Liceat
533 2496 752 2562 praemonere,
778 2497 829 2540 me
856 2476 891 2539 in
914 2476 973 2560 eis,
1002 2497 1083 2559 quae
1107 2478 1300 2561 sequuntur,
1327 2474 1478 2540 brevitati

307 2581 361 2647 ita
376 2584 589 2669 consuluisse,
611 2586 648 2646 ut
671 2582 799 2668 paginis
822 2583 1032 2666 versibusque
1055 2580 1288 2647 Gaisfordianis
1311 2580 1479 2646 Procliana

306 2689 447 2754 indicare
469 2690 549 2754 satis
571 2688 737 2774 haberem,
765 2710 847 2772 quae
871 2691 979 2753 autem
1002 2688 1129 2753 aliunde
1151 2687 1288 2772 petenda
1311 2691 1415 2774 erant,
1442 2709 1479 2752 ea

306 2818 345 2860 ex
368 2800 460 2881 parte
482 2800 611 2861 tantum
634 2795 855 2860 exscriberem.

395 2901 479 2968 Sunt
515 2902 617 2988 igitur
650 2901 758 2966 Procli
794 2901 835 2965 ad
866 2900 1062 2966 Hesiodeum
1093 2922 1220 2966 carmen
1251 2900 1479 2985 prolegomena

306 3033 336 3093 p.
361 3009 458 3094 3—4,
478 3011 535 3095 213
568 3030 650 3092 quae
673 3011 852 3091 sequuntur
874 3029 976 3092 usque
999 3007 1039 3071 ad
1061 3008 1171 3093 finem,
1194 3007 1293 3071 alium
1316 3009 1478 3070 auctorem

306 3116 446 3199 produnt
470 3115 560 3178 etin
583 3113 690 3178 codiee
712 3113 915 3199 Dorvilliano
938 3113 996 3179 illo
1019 3116 1127 3192 ἄλλως
1149 3114 1301 3179 distincte
1324 3136 1342 3177 a
1364 3112 1478 3196 priori-

306 3220 367 3284 bus
401 3220 597 3284 dividuntur.
648 3218 763 3304 Itaque
797 3220 832 3283 in
862 3220 933 3285 aliis
965 3220 1058 3285 libris
1091 3220 1261 3285 coniuncta
1298 3221 1374 3284 sunt
1406 3240 1478 3282 cum

304 3326 484 3392 Proclianis
507 3326 683 3390 immerito:
707 3325 818 3391 statim
840 3326 944 3410 prima
967 3327 1066 3391 verba
1086 3349 1207 3392 novum
1227 3325 1370 3389 indicant
1389 3346 1478 3389 exor-

305 3432 402 3496 dium.
440 3430 528 3508 Quae
548 3437 624 3497 sunt
642 3434 717 3516 post
737 3432 835 3497 verba
853 3435 890 3497 cb
908 3436 1045 3519 ποίημαι
1065 3429 1150 3499 εἶναι
1169 3437 1321 3497 Μουσῶν
1338 3434 1480 3516 exarata,

296 3539 421 3611 ,desunt
455 3540 491 3602 in
521 3538 615 3602 libris
649 3536 926 3626 vetustissimisl),
961 3538 1115 3624 leguntur
1147 3542 1276 3605 tantum
1307 3539 1342 3602 in
1372 3557 1480 3600 recen·

304 3645 444 3710 tioribus
466 3644 632 3710 Parisinis.
677 3641 791 3709 Nihilo
819 3645 925 3709 minus
950 3649 1026 3710 sunt
1048 3646 1157 3729 priora
1179 3666 1282 3728 usque
1304 3644 1344 3708 ad
1366 3663 1478 3707 vocem

305 3750 415 3818 ἰστέον
439 3749 488 3840 (8)
517 3751 615 3816 etiam
642 3751 678 3815 in
705 3749 908 3815 Dorvilliano
936 3755 1078 3816 exarata:
1107 3772 1166 3816 nec
1192 3754 1301 3815 tamen
1327 3749 1479 3812 videntur

304 3858 446 3923 eiusdem
472 3858 613 3922 hominis
642 3879 724 3940 esse,
752 3859 779 3922 si
808 3856 937 3940 quidem
964 3856 1073 3922 eodem
1100 3879 1138 3921 ex
1166 3857 1256 3922 fonte
1283 3854 1417 3918 fluxisse
1440 3875 1478 3917 ea

303 3967 436 4048 apparet
464 3967 563 4048 atque
590 3966 739 4046 excerpta
767 3962 824 4027 illa
846 3961 1027 4048 Procliana,
1055 3963 1172 4046 quibus
1198 3962 1237 4026 de
1259 3960 1477 4045 originatione

393 4142 419 4208 1)
436 4137 546 4191 Desunt
568 4136 599 4189 in
617 4135 713 4190 codice
731 4135 920 4205 Dorvilliano‚
944 4135 973 4188 in
990 4122 1012 4190 ¹C
1030 4136 1150 4190 fortasse
1168 4138 1261 4204 erant,
1286 4134 1336 4188 sed
1353 4132 1479 4204 primum

301 4218 406 4281 folium¹
425 4225 509 4279 huius
532 4223 599 4278 libri
617 4224 703 4294 periit
720 4240 876 4291 manusque
894 4223 1017 4291 quinque
1036 4224 1155 4279 saeculis
1174 4223 1312 4278 recentior
1331 4225 1360 4276 et
1377 4238 1478 4276 versus

302 4315 434 4370 carminis
462 4317 491 4369 et
516 4312 626 4367 scholia
648 4311 846 4383 (Moschopuli)
869 4312 1019 4381 supplevit.
1056 4312 1095 4367 Cf.
1119 4311 1273 4367 Rzachium
1296 4310 1326 4365 in
1350 4310 1477 4380 Symbol.

301 4406 434 4474 Pragens.
453 4422 480 4472 p.
496 4407 547 4457 166
558 4419 599 4470 sq.
