3342 5168
386 380 429 434 De
449 379 583 449 ampliore
602 380 670 434 olim
687 378 798 434 Veteris
816 379 979 449 Interpredis
999 379 1206 437 commentario.
1336 381 1379 445 35

213 545 403 629 προδήλους
435 543 493 619 τάς
525 548 709 627 φαντασίας
741 541 942 627 ἐπιπέμπειν.
988 542 1008 626 6
1036 543 1054 608 6
1085 543 1206 628 ἀργὸς
1238 546 1379 628 φόνου,

210 650 411 736 εἰρηνικὸς
434 649 505 734 γάρ
530 649 547 715 6
566 651 673 735 θεός,
697 650 777 734 ὅπερ
792 646 934 734 Ὅμηρός
953 665 1064 733 φησιν.
1106 649 1162 713 διά
1184 648 1380 733 τήςἼριδος

212 760 338 840 γίνεται
367 757 538 839 διαγγελία
567 754 604 820 ἐν
630 768 700 831 τοῖς
726 753 882 840 πολέμοις
909 754 964 820 καὶ
990 754 1065 840 οὐχὶ
1093 756 1148 820 διά
1170 765 1230 820 τοῦ
1248 755 1379 841 Ἑρμοῦ.

209 860 311 926 Paulo
334 865 410 945 posi
434 862 477 945 (p.
498 861 553 948 72,
573 862 629 947 523
653 861 709 948 73,
728 860 786 947 26)
808 861 893 926 idem
917 865 1028 926 auctor
1051 861 1181 926 exhibes
1204 861 1276 947 alia,
1299 884 1380 946 qnae

210 968 341 1033 eandem
377 968 535 1053 originem
568 968 750 1032 ostendunl.
795 966 835 1032 ln
865 968 1030 1033 nonnullis
1062 971 1170 1032 autem
1200 967 1278 1032 haee
1308 968 1380 1051 ipss

209 1074 354 1158 pleniora
390 1096 502 1140 rursus
540 1074 731 1139 exhibentur
768 1075 802 1138 in
834 1074 1061 1160 Etymologioo
1097 1074 1244 1138 Parisino
1281 1072 1380 1161 (apud

125 1254 128 1257 ,
211 1178 309 1246 Gaisf.
332 1204 362 1265 p.
382 1182 425 1245 99
447 1183 514 1244 nol.
533 1179 585 1268 n),
611 1181 669 1245 ubi
691 1181 865 1268 addunhur,
890 1202 971 1265 quae
995 1180 1097 1245 adhue
1121 1179 1381 1266 desideravimus,

210 1291 377 1352 auctorum
399 1288 545 1373 nomina,
567 1287 652 1352 huno
674 1288 709 1351 in
732 1288 875 1353 modum:
901 1286 1191 1373 Ἀργειφόντης·
1224 1287 1242 1352 6
1261 1285 1380 1373 Ἑρμῆς

209 1392 287 1480 παρ’
310 1392 437 1483 Ὁμήρφ
459 1392 515 1459 καὶ
538 1396 625 1479 παρά
648 1400 795 1472 πολλοῖς·
819 1395 908 1479 παρά
931 1391 968 1459 δὲ
987 1399 1159 1476 Σοφοκλεῖ
1174 1391 1230 1458 καὶ
1249 1392 1301 1459 ἐπὶ
1319 1402 1380 1458 τοῦ

205 1498 420 1584 Ἀπόλλωνος,
443 1499 498 1565 καὶ
521 1502 610 1586 παρὰ
628 1504 810 1590 Παρθενίῳ
833 1500 888 1567 καὶ
909 1499 962 1568 ἐπὶ
979 1510 1040 1566 τοῦ
1063 1500 1230 1585 Τηλέφου·
1253 1499 1273 1583 6
1292 1502 1380 1586 παρὰ

209 1608 246 1671 τὸ
260 1605 385 1693 ’Ἀργον
408 1608 468 1672 τὸν
490 1609 725 1691 πολυόμματον
747 1609 832 1672 κύνα
854 1614 1085 1692 πεφονεῦσθαι
1104 1603 1159 1672 ὑπ’
1183 1607 1297 1690 αὐτοῦ,
1320 1608 1379 1672 τὸν

207 1709 291 1788 Ἰοῦς
314 1714 458 1797 φύλακα·
482 1712 502 1796 6
525 1714 614 1797 παρὰ
636 1714 673 1778 τὸ
697 1713 798 1799 ἀργὸς
820 1714 838 1780 6
861 1717 962 1797 ταχύς
980 1714 1130 1796 ἀγγελος·
1154 1711 1174 1795 6
1194 1712 1212 1778 6
1232 1712 1380 1800 ἐναργεῖς

209 1819 268 1895 τάς
290 1823 474 1903 φαντασίας
496 1818 677 1903 ἀποτελῶν,
701 1820 942 1906 όνειρόπομπος
965 1820 1036 1904 γάρ.
1074 1818 1094 1902 6
1117 1818 1177 1883 ὅτι
1196 1831 1382 1904 καταργεῖ

209 1928 301 2002 τοὺς
337 1928 498 2009 φόνους·
537 1928 737 2012 εἰρηνικὸς
772 1927 845 2011 γάρ
882 1926 899 1992 6
936 1928 1041 2002 θεός·
1079 1924 1099 2009 6
1133 1926 1151 1992 6
1184 1925 1225 1991 ἐν
1248 1924 1380 2012 ’Ἀργει

209 2043 363 2118 πρῶτον
380 2033 570 2116 πεφηνύς.
601 2032 621 2116 6
641 2032 690 2098 ὅτι
711 2036 791 2117 όφιν
809 2034 868 2098 τὸν
883 2037 1036 2098 Πυθῶνα
1054 2032 1198 2099 ἀνεῖλεν·
1217 2035 1298 2098 κατὰ
1317 2034 1380 2118 γὰρ

208 2138 269 2220 τήν
293 2135 452 2223 Ἀργείων
479 2143 628 2221 γλῶτταν
656 2139 674 2205 6
697 2141 775 2224 όφις
802 2139 908 2226 ἀργὴν
935 2145 1096 2223 καλεῖται,
1124 2135 1213 2225 ίν’ή
1240 2140 1258 2206 6
1286 2141 1380 2224 ὀφιο-

209 2247 334 2330 κτόνος,
356 2242 412 2309 καὶ
435 2239 523 2321 εἶδος
546 2248 671 2331 θηρίου
694 2246 780 2311 οὕτω
802 2251 948 2311 καλεῖται
967 2246 1052 2329 ἀργη
1070 2243 1125 2310 καὶ
1143 2247 1179 2311 οί
1195 2245 1380 2331 Κένταυροι

210 2351 314 2428 οὕτως
345 2351 410 2416 ὑπό
438 2374 541 2416 τινων
568 2353 896 2439 προσηγορεύθησαν.
939 2349 1155 2438 Ἀργειφόντη
1186 2352 1290 2439 ἀργῷ
1316 2349 1380 2416 καὶ

209 2463 369 2545 καθαρῷ
397 2460 533 2541 φόνου.
577 2456 825 2546 Ἀργειφόντης,
852 2460 941 2544 παρὰ
969 2459 1006 2522 τὸ
1035 2458 1184 2544 ἐναργεῖς
1210 2459 1269 2535 τάς
1296 2483 1380 2542 φαν-

208 2568 324 2641 τασίας
345 2576 465 2647 ποιεῖν,
490 2565 534 2639 ὥς
557 2583 661 2649 φησιν
682 2563 834 2643 Ἀλεξίων
856 2563 912 2630 καὶ
932 2563 1063 2652 Ἀρχίας
1082 2563 1137 2629 καὶ
1155 2562 1380 2650 Ἀρίσταρχος·

209 2668 230 2751 6
258 2669 448 2757 ἀρηφόντης
476 2667 574 2756 (leget
597 2669 792 2758 ἀριφόντης)
821 2671 839 2736 6
867 2670 1016 2755 μεγάλως
1044 2673 1289 2755 φανταζόμενος
1311 2683 1381 2747 τοῖς

210 2777 362 2860 ὀνείροις,
377 2776 422 2852 ὡς
434 2776 586 2860 Δίδυμος
599 2774 654 2841 καὶ
673 2778 830 2862 Τρύφων·
849 2775 870 2859 6
888 2776 977 2862 παρά
994 2777 1031 2841 τὸ
1046 2775 1151 2861 ἀργὸν
1164 2780 1380 2862 συγκείμενον

210 2884 247 2947 τὸ
272 2885 402 2965 λευκόν,
426 2881 635 2967 ἀργοφόντης
653 2907 702 2959 τις
721 2884 781 2948 ὥν·
805 2880 862 2964 66
882 2882 982 2966 ἀργὸς
1000 2885 1110 2966 φόνου
1128 2881 1183 2947 καὶ
1203 2885 1379 2967 εἰρηνικός·

209 2987 229 3071 6
259 2989 276 3054 6
305 2990 473 3073 φονεύσας
494 2988 618 3075 ’Ἀργον
642 2991 702 3054 τὸν
724 2992 960 3074 πολυόμματον
982 2991 1076 3054 κύνα.
1123 2987 1273 3054 Ceterum
1296 2988 1381 3072 apud

208 3093 294 3159 huno
317 3096 563 3181 grammaticum
585 3118 652 3161 non
675 3100 724 3160 esd
747 3100 833 3160 recte
856 3099 1042 3160 conservata
1059 3094 1192 3179 Didymi
1213 3096 1382 3184 sementia,

209 3223 305 3285 quam
342 3202 592 3267 emendaliorem
622 3202 761 3287 legimus
793 3202 829 3265 in
859 3201 1086 3287 Etymologioo
1119 3201 1253 3289 Magno,
1289 3203 1379 3267 euius

209 3310 371 3373 auctorem
395 3331 433 3372 ex
454 3308 564 3374 eodem
582 3309 672 3373 fonte
691 3309 799 3373 omnia
818 3331 876 3372 sua
893 3308 1039 3373 hausisse
1056 3309 1109 3373 vel
1125 3310 1229 3393 primo
1250 3314 1380 3392 aspectu

207 3413 303 3479 nobis
330 3436 519 3499 persuasum
547 3414 609 3479 erit
638 3411 681 3501 (p.
704 3414 782 3501 136,
799 3411 871 3501 48);
902 3409 1191 3501 Ἀργειφόντης·
1225 3414 1380 3481 ἐπίθετον

204 3518 338 3606 Ἑρμοῦ·
371 3520 391 3604 6
423 3522 473 3587 δτι
502 3521 603 3608 ἀργός
631 3521 700 3586 ἐστι
727 3524 836 3606 φόνου
863 3520 1013 3587 τουτέστι
1040 3524 1202 3606 καθαρός·
1235 3520 1253 3586 6
1280 3520 1381 3597 αὐτὸς

208 3627 271 3712 γάρ
303 3625 372 3692 ἐστι
398 3636 444 3715 τηῖ
472 3630 569 3716 λόγῳ.
615 3626 635 3710 6
664 3627 682 3693 6
711 3625 748 3692 ἐν
766 3625 879 3713 ’Ἀργει
907 3639 1041 3714 πρῶτον
1067 3629 1238 3710 πεφηνύς,
1270 3627 1288 3692 6
1316 3627 1379 3713 γάρ

206 3729 326 3817 Ἑρμῆς
349 3744 481 3816 πρῶτον
504 3733 541 3799 ἐν
561 3744 606 3823 τῷ
622 3733 735 3819 ’Ἀργει
760 3734 875 3819 ἐφάνη.
917 3733 937 3817 6
961 3733 978 3799 6
1003 3733 1152 3818 ἐναργεῖς
1174 3734 1232 3809 τάς
1255 3757 1380 3816 φαντα-

210 3841 284 3914 σίας
302 3849 423 3917 ποιῶν;
448 3838 556 3906 ἐπάνω
581 3840 655 3927 γάρ,
679 3841 723 3917 ὥς
745 3858 838 3925 φασι,
861 3852 930 3905 τῶν
948 3840 1088 3925 ὀνείρων
1108 3836 1197 3903 ἐστὶν
1219 3836 1379 3923 δἙρμής.

209 3943 230 4027 6
249 3943 363 4028 ἐπειδὴ
377 3947 435 4011 τὸν
449 3944 574 4030 ’Ἀργον
589 3946 748 4031 ἐφόνευσε
762 3950 849 4033 λίθφ
864 3947 986 4029 βαλών,
1004 3942 1197 4020 κελευσθεὶς
1214 3945 1302 4029 παρά
1319 3952 1379 4009 τοῦ

209 4051 294 4126 Διὸς
324 4049 441 4128 κλέψαι
468 4052 530 4134 τήν
554 4049 605 4116 Ἰὼ
633 4055 718 4135 βοῦν
745 4049 945 4135 γενομένην,
977 4048 1144 4135 ἐφύλασσε
1172 4047 1203 4114 δ’
1229 4050 1334 4133 αὐτὴν
1362 4050 1379 4116 ὁ

199 4154 325 4243 ’Ἀργος
343 4160 501 4240 βουλήσει
517 4155 634 4242 Ἥρας,
658 4159 742 4241 έχων
766 4155 802 4222 ἐν
826 4156 891 4246 ὅλφ
915 4167 960 4245 τῷ
984 4158 1109 4241 σώματι
1128 4157 1231 4222 αὐτοῦ
1250 4156 1380 4241 ὀφθαλ-

209 4264 300 4346 μούς.
351 4263 460 4350 ὥσπερ
494 4259 530 4328 δὲ
564 4262 627 4327 ἀπὸ
659 4271 719 4327 τοῦ
752 4262 972 4349 ἀλοτρίβανον
1004 4266 1130 4346 γίνεται
1162 4263 1381 4349 ἀλετρίβανον

208 4378 313 4455 τροπή
345 4378 405 4433 τοῦ
436 4379 456 4433 ὅ
489 4370 535 4445 εἰς
565 4383 599 4449 ε’,
631 4368 717 4432 ούτω
749 4366 804 4432 καὶ
837 4368 900 4434 ἀπὸ
928 4377 989 4434 τοῦ
1016 4369 1226 4455 ἀργοφόντης
1253 4372 1380 4450 γίνεται

212 4473 418 4561 ἀργεφόντης
449 4473 504 4540 καὶ
536 4475 732 4563 πλεονασμῷ
763 4484 824 4540 τοῦ
852 4487 865 4538 ῑ
891 4474 1118 4561 ἀργειφόντης.
1164 4474 1316 4559 Δίδυμος
1342 4469 1380 4539 δὲ

1132 4578 1167 4632 3*
