3366 5168
449 372 580 442 Didymoi
599 373 636 426 ad
655 371 747 442 Opera
765 370 958 448 commentarii
977 371 1143 442 fragmenta.
1319 372 1384 438 153

212 539 380 614 κιόωντες·
423 538 491 601 ἔστι
516 531 553 601 δὲ
576 537 613 600 τὸ
636 535 692 600 διὰ
712 537 749 600 τὸ
768 546 874 620 ψῦχος
896 535 940 620 μὴ
959 537 1047 620 ἔχειν
1066 535 1225 623 εὐκινητφ
1246 537 1385 621 δυνάμει

213 645 409 728 χρησασθαι.
452 640 591 707 Cratetis
607 641 692 725 quod
706 641 834 706 additur
848 642 1048 707 coniecturae
1063 641 1242 728 explicatio,
1255 642 1387 707 fuerunt

217 772 286 815 eam
310 749 351 814 ob
375 771 443 814 rem
465 747 687 812 commentarii
709 746 871 835 Hesiodei,
889 770 1026 832 quorum
1045 748 1108 812 duo
1127 748 1190 813 aha
1208 749 1387 833 fragmenta

216 862 291 921 sunt
309 857 344 921 in
363 856 461 920 schol.
480 854 599 940 Theog.
618 877 646 918 v.
664 855 727 919 126
746 858 779 919 et
795 854 858 919 142
878 852 931 941 (cf.
949 853 1183 941 Wachsmuth,
1201 854 1239 920 dc
1258 852 1387 921 Cratete

216 963 352 1028 Malloia
374 986 410 1046 p·
423 961 464 1026 51
481 965 513 1025 et
527 958 593 1048 56).
640 958 781 1026 Cratetis
808 962 1017 1047 sententiam,
1043 961 1119 1026 licet
1142 962 1185 1025 sit
1212 962 1387 1049 ingeniosa,

216 1069 364 1154 improbo
388 1068 458 1133 coll.
483 1067 521 1131 de
544 1067 700 1132 vocabulo
723 1073 865 1153 μαλκιίιν
887 1065 982 1131 Arati
1000 1090 1028 1131 v.
1047 1068 1112 1132 293
1136 1073 1177 1143 ολ,
1194 1068 1324 1134 scholiis
1348 1071 1388 1135 ad

214 1175 369 1245 Nicandri
393 1174 486 1239 Ther.
510 1173 584 1239 382.
612 1190 656 1221 4-
683 1173 865 1241 Lectionem
897 1175 1019 1238 variam
1053 1173 1176 1240 Seleuci
1209 1173 1262 1262 (cf.
1290 1198 1388 1260 supra

215 1307 245 1367 p.
266 1279 345 1370 149)
373 1280 506 1346 tradidit
533 1280 692 1364 Didymus
720 1282 755 1345 in
781 1281 963 1367 fragmento
992 1281 1032 1346 ad
1055 1305 1082 1346 v.
1102 1281 1167 1347 549
1195 1283 1347 1348 restituto
1371 1306 1388 1348 c

217 1388 340 1455 scholio
364 1385 582 1452 Choerobosci
599 1411 630 1472 p.
650 1389 725 1473 326,
738 1388 795 1452 23ε
832 1388 904 1473 ἀὴρ
931 1392 1174 1474 πυροφόρος·
1204 1389 1222 1455 ὁ
1245 1393 1405 1474 πυρετὸν,

214 1495 269 1561 καὶ
292 1496 439 1580 κάματον
458 1492 579 1581 φέρον,
598 1493 618 1577 ἢ
638 1494 656 1560 ὁ
676 1493 789 1582 φέρων
807 1497 867 1561 τὸν
884 1495 990 1578 ἣλιον.
1026 1495 1193 1572 Σέλευκος
1211 1492 1248 1561 δὲ
1267 1497 1388 1581 γράφει

215 1603 278 1690 ἀὴρ
302 1603 521 1687 ὀμβροφόρος.
546 1637 587 1646 -
613 1598 778 1666 Scholium
802 1598 1019 1666 Choerobosci
1039 1602 1078 1666 ad
1101 1625 1129 1667 v.
1148 1601 1213 1667 568
1232 1624 1262 1685 p.
1278 1603 1386 1689 333,c

216 1709 329 1774 dubito
352 1731 394 1772 an
411 1708 506 1772 liceat
525 1707 688 1792 integrum
706 1708 847 1773 tribucre
866 1708 1019 1791 Didymo:
1043 1709 1261 1794 ὀρδρογόη·
1285 1709 1305 1792 ἡ
1324 1710 1389 1774 ὑπὸ

215 1818 275 1882 τὸν
311 1818 439 1901 ὄρθρον
476 1821 657 1899 θρηνοῦσα.
717 1812 772 1879 καὶ
805 1815 849 1899 μὴ
880 1816 1051 1901 ὀρθοβίην
1081 1815 1126 1891 ὥς
1154 1839 1256 1900 κοντος
1291 1836 1388 1899 porro

216 1923 401 1988 dubitanter
425 1921 454 1986 ei
477 1921 548 1985 dem
571 1925 704 2005 propter
727 1921 830 1986 multa
853 1920 998 2005 exempla
1021 1943 1061 1985 ex
1078 1920 1259 1987 Homericis
1278 1923 1390 1986 carmi-

216 2028 312 2095 nibus
336 2031 464 2111 sumpta
488 2026 539 2114 (cf.
563 2027 662 2093 schol.
681 2031 709 2092 B
728 2028 781 2111 48,
806 2032 833 2092 Z
851 2027 927 2114 201,
944 2032 985 2092 H
993 2025 1074 2115 433)
1097 2029 1154 2092 illa
1174 2027 1390 2094 Choerobosci

217 2136 255 2200 de
278 2135 375 2200 variis
400 2134 691 2220 significationibus
714 2134 862 2200 vocabuli
885 2134 952 2217 η’ώς
975 2158 1005 2218 p.
1020 2134 1094 2221 338,
1111 2136 1140 2221 1,
1157 2134 1265 2220 Etym.
1281 2135 1389 2221 Magn.

216 2244 292 2330 440,
310 2244 362 2327 36,
383 2242 492 2325 Etym.
513 2238 592 2305 Gud.
611 2238 687 2327 252,
705 2238 763 2326 45,
781 2241 858 2327 253,
877 2242 904 2305 λ.
950 2239 1036 2306 Nam
1059 2246 1096 2305 ut
1120 2242 1229 2306 omnia
1252 2241 1390 2307 Ohoero-

216 2351 349 2415 boscum
367 2371 406 2413 ex
424 2348 605 2414 veterrimis
625 2347 757 2412 scholiis
775 2347 944 2412 Hesiodeis
965 2348 1140 2431 sumpsisse
1158 2348 1240 2412 mihi
1258 2351 1391 2432 propter

218 2456 461 2521 similitudinem
489 2454 735 2519 Homericorum
763 2454 959 2519 scholiorum
986 2476 1175 2537 persuasum
1202 2458 1265 2540 est,
1287 2455 1334 2519 ita
1356 2455 1391 2521 in

219 2564 266 2628 eis
289 2584 356 2628 non
378 2562 495 2647 omnia,
518 2561 572 2625 sed
596 2560 750 2644 quaedam
773 2560 905 2644 Didymi
929 2564 1013 2626 srmt.

308 2667 420 2754 Magni
439 2667 479 2731 ad
497 2690 525 2731 v.
536 2665 601 2732 590
620 2664 854 2731 Choeroboscei
872 2665 987 2730 scholii
1001 2688 1038 2731 ea
1051 2670 1179 2731 tantum
1193 2671 1279 2732 certe
1291 2667 1391 2750 Didy-

219 2798 291 2841 mea
310 2780 396 2859 sunt,
414 2774 531 2858 quibus
550 2771 778 2837 Eratosthenis
797 2776 829 2837 et
848 2770 1025 2836 Callistrati
1045 2774 1204 2838 sententia
1223 2773 1391 2838 exhibetur

218 2906 248 2968 p.
272 2882 352 2968 343,
381 2880 422 2945 12
456 2880 508 2968 (cf.
538 2878 765 2963 Etymologica
792 2882 825 2943 et
852 2900 949 2962 supra
970 2902 1001 2963 p.
1020 2880 1062 2944 41
1075 2877 1150 2967 sq.):
1182 2880 1405 2964 ἀμολγαίη·’

218 2986 292 3054 dccl
316 2996 376 3053 τοῦ
398 2989 570 3072 κρατίστη,
594 2985 723 3070 ἀκμαία.
758 2982 1000 3070 Ἐρατοσθένης
1023 2983 1061 3051 δὲ
1083 2989 1287 3072 ποιμενικην,
1302 2990 1391 3052 Καλ-

218 3099 369 3181 λίσρατος
391 3091 428 3159 δὲ
451 3095 510 3159 τὸν
532 3095 636 3180 τυρόν
659 3110 773 3178 φησιν,
795 3091 816 3176 ἢ
840 3092 982 3178 ὀλλύραν
1002 3091 1226 3181 βεβρεγμένην
1245 3094 1390 3177 γάλακτι.

218 3201 310 3267 Libri
341 3201 525 3286 utriusque,
555 3200 612 3263 ubi
642 3199 720 3265 hacc
751 3199 873 3264 fuerint
904 3200 1065 3287 exposita,
1098 3204 1173 3266 sunt
1204 3200 1319 3286 ignoti.
1349 3238 1391 3247 -

219 3307 258 3373 In
286 3307 408 3374 scholio
431 3305 538 3372 Procli
560 3330 590 3390 p.
610 3306 685 3392 368,
703 3306 746 3370 28
773 3306 900 3371 nullum
926 3307 1101 3392 vestigium
1132 3310 1181 3372 est
1204 3305 1391 3372 Alexandri-

220 3436 336 3479 norum
360 3412 530 3478 doctrinae.
577 3411 644 3478 Ubi
666 3412 783 3477 dicitur
806 3412 845 3476 de
866 3436 895 3476 v.
916 3412 990 3498 657,
1014 3414 1070 3497 qui
1093 3419 1144 3479 est

414 3520 509 3607 ὕμνφ
532 3523 713 3603 νικήσαντα
737 3516 853 3603 φέρειν
875 3518 1005 3605 τρίποδ’
1032 3521 1193 3607 ὠτώεντα,

220 3630 334 3692 ἄλλοι
355 3625 590 3712 γράφουσιν·
608 3625 703 3712 ὕμνῳ
722 3623 892 3707 νικήσαντ’
913 3624 950 3690 έν
969 3628 1108 3692 Χαλκίδι
1127 3633 1225 3693 θεῖον
1236 3626 1391 3713 Ὅμηρον.

220 3731 290 3799 Iam
305 3730 524 3816 Goettlingius
545 3732 580 3795 in
594 3731 824 3796 commentario
839 3732 960 3815 optime
974 3731 1206 3797 demonstravit
1219 3755 1286 3798 non
1299 3755 1393 3818 posse

223 3838 415 3905 scholiastae
446 3860 575 3903 versum
603 3860 672 3903 esse
695 3838 765 3903 loco
789 3859 900 3902 versus
920 3837 998 3922 6573
1029 3860 1104 3903 nam
1127 3838 1393 3904 molestissimum

222 3948 307 4010 esset
326 3943 362 4010 ἐν
377 3945 516 4009 Χαλκίδι
527 3944 701 4026 repetitum
715 3947 790 4026 post
805 3945 889 4008 soba
904 3939 961 4030 (=
972 3941 1008 4008 έν
1024 3941 1178 4029 Χαλκίδι)
1192 3965 1303 4008 versus
1319 3944 1394 4032 656,

222 4058 255 4116 et
282 4072 378 4117 versu
401 4050 464 4116 658
493 4053 553 4116 τὸν
580 4047 641 4135 μὲν
669 4050 883 4137 ineptissime,
913 4054 951 4113 ut
981 4054 1066 4114 esset
1089 4050 1249 4115 Homerus
1269 4051 1393 4139 dictuS,

223 4162 422 4244 sequeretur,
459 4177 563 4241 neque
596 4159 776 4239 νικήσαντα
808 4158 867 4243 ita,
900 4157 955 4221 sed
986 4166 1119 4241 νικῆσαι
1150 4155 1234 4222 esset
1262 4158 1391 4222 dictum.

222 4265 338 4349 Itaque
360 4264 495 4330 coniecit
513 4285 641 4329 versum
664 4262 856 4328 scholiastae
877 4267 966 4347 post
988 4285 1116 4328 versum
1135 4262 1198 4329 657
1223 4286 1292 4328 esse
1315 4264 1393 4329 olim

224 4371 368 4436 additum
387 4393 460 4435 cum
474 4369 677 4454 epanaphora
692 4369 838 4457 quadam,
851 4370 941 4434 cuius
955 4370 1003 4434 rei
1017 4370 1079 4435 duo
1095 4370 1239 4454 exempla
1253 4369 1391 4455 Opcmm
1439 4406 1443 4411 ·

224 4500 253 4542 v.
273 4477 294 4540 3
318 4481 350 4542 et
369 4477 572 4564 Theogoniae
590 4500 618 4542 v.
638 4476 703 4542 408
728 4475 839 4543 attulit
857 4481 924 4543 tam
943 4476 1121 4565 dissimilia,
1139 4481 1176 4542 ut
1194 4478 1263 4562 ipse
1281 4482 1394 4566 postea
