3366 5168
285 355 328 419 80
657 353 770 407 Scholia
783 351 893 407 Veteris
911 350 1083 422 Interprctis.

284 540 357 582 cum
388 518 461 601 ipso
489 516 593 581 indice
621 516 748 600 scholii,
773 516 858 580 unde
886 515 988 580 010001
1016 516 1114 580 etiam
1141 515 1210 602 illa,
1239 537 1320 600 quae
1343 515 1459 580 Tactus

283 625 381 709 paulo
396 627 471 708 post
488 647 518 707 p.
534 623 585 706 56,
602 623 731 686 11-17
747 621 887 708 exhibet,
904 623 944 686 ab
962 621 1073 686 codem
1090 627 1219 686 auctore
1234 644 1304 687 esse
1319 627 1457 708 sumpta.

284 731 407 808 Quibus
441 730 596 816 adiungas
627 729 679 794 Ps.
704 728 862 794 Zonaram
894 753 924 812 p.
955 728 1041 792 1460
1064 729 1111 811 ed.
1135 728 1262 816 ritem,
1288 729 1379 794 euius
1407 730 1459 794 vel

282 838 399 902 lemma
425 834 673 924 (ὀπιπεύοντα)
697 840 745 901 001
765 836 1005 900 accomodatum
1024 835 1064 900 ad
1081 836 1188 900 locum
1206 835 1349 900 Hesiodi.
1397 834 1459 900 Sed

283 944 335 1008 his
363 966 491 1028 quoque
517 943 762 1009 Reitzensteinii
790 943 912 1008 factum
940 947 989 1007 est
1012 943 1226 1030 humanitate,
1253 948 1290 1007 ut
1318 944 1459 1027 011110-

283 1051 456 1136 mologico,
489 1051 576 1135 quod
608 1051 766 1135 apellatur
795 1049 891 1136 μέγα,
921 1049 1077 1115 nonnulla
1100 1050 1266 1135 addamus3
1298 1050 1336 1114 cf.
1361 1072 1460 1134 supra

283 1181 313 1241 p.
334 1158 384 1222 33.
427 1157 597 1222 Tzetziana
619 1179 695 1221 vero
715 1157 742 1221 si
761 1156 979 1240 composueris
998 1177 1071 1220 eum
1090 1156 1146 1242 010,
1168 1179 1248 1240 quac
1267 1155 1460 1221 exhibentur

284 1265 320 1328 in
351 1264 460 1348 Etym.
493 1262 640 1328 Gudiano
673 1287 703 1347 p.
727 1262 806 1350 603¹,
833 1264 876 1328 49
910 1263 977 1327 sive
1008 1263 1111 1327 maris
1137 1263 1174 1327 in
1199 1263 1308 1347 ntym.
1333 1262 1458 1348 Magno

283 1395 314 1456 p.
335 1373 390 1455 12,
408 1371 452 1435 44
475 1374 508 1434 01
533 1371 587 1455 13,
608 1371 649 1434 12
684 1369 736 1458 (ef.
769 1371 867 1435 etiam
899 1370 1039 1434 codicem
1066 1367 1291 1457 Vossianum),
1318 1392 1369 1434 res
1398 1369 1460 1434 erit

283 1477 455 1542 manifesta
481 1499 585 1561 neque
612 1476 650 1541 de
678 1480 809 1541 auctore
836 1474 1012 1541 dubitabis:
1044 1498 1111 1541 non
1139 1477 1244 1541 solum
1271 1476 1381 1541 cadem
1409 1498 1459 1540 ex-

286 1584 409 1669 hibent,
431 1606 543 1649 verum
566 1586 663 1649 ctiam
682 1607 740 1669 per
759 1606 804 1669 ea,
824 1606 905 1669 quae
924 1584 1039 1648 docent
1057 1584 1096 1648 de
1114 1584 1337 1669 declinatione,
1356 1604 1459 1669 gram·

284 1691 437 1755 maticum
470 1695 633 1755 auctorem
666 1692 856 1776 significant.
911 1690 1004 1756 Unde
1036 1690 1118 1755 illud
1151 1712 1279 1775 quoque
1310 1693 1413 1774 patet,
1441 1713 1460 1753 a

284 1801 391 1862 vetere
410 1798 586 1881 interprete
606 1798 704 1862 verba
722 1820 792 1863 0000
805 1798 891 1862 facta
905 1797 1002 1862 etiam
1016 1797 1054 1878 de
1068 1797 1224 1862 vocabulo
1240 1798 1459 1863 ὀπιπτιύοντα
1552 1867 1555 1871 ,

285 1912 317 1969 01
340 1927 410 1969 0000
434 1905 549 1990 omnia,
574 1926 655 1988 quae
678 1908 754 1968 sunt
778 1905 987 1990 grammatica
1008 1902 1068 1968 hac
1091 1904 1130 1968 de
1152 1926 1188 1968 re
1211 1904 1296 1988 apud
1313 1902 1460 1968 Moscho-

286 2012 400 2096 pulum
422 2034 452 2094 p.
471 2010 525 2097 56,
545 2009 685 2093 18-25,
707 2009 757 2075 1111
780 2011 986 2075 restituenda.

375 2115 479 2201 Supra
492 2141 523 2200 p.
538 2115 581 2180 55
596 2116 717 2181 dietum
731 2121 790 2203 est,
804 2117 923 2181 iniuria
935 2116 1041 2182 Procli
1056 2118 1116 2181 sub
1130 2117 1262 2181 nomine
1275 2116 1353 2180 ferri
1367 2116 1460 2180 scho-

286 2225 368 2289 lium
389 2223 429 2287 ad
447 2247 475 2288 v.
495 2223 547 2310 30,
565 2246 594 2307 p.
614 2223 666 2309 57,
686 2223 773 2288 2-5
798 2221 1008 2312 (exscriptum
1027 2247 1046 2288 a
1064 2223 1179 2289 Tretza
1197 2247 1227 2308 p.
1247 2222 1315 2312 57),
1338 2224 1370 2287 10
1396 2244 1459 2308 quo

286 2331 570 2416 grammaticorum
592 2352 681 2395 more
711 2331 895 2415 disputatur
918 2332 956 2396 de
974 2331 1131 2396 vocabulo
1156 2334 1233 2419 ὥρη.
1279 2330 1327 2395 De
1351 2330 1459 2395 eadem

285 2460 320 2501 re
343 2438 481 2522 plurima
503 2438 656 2523 leguntur
678 2438 713 2501 in
736 2438 867 2502 scholiis
891 2435 1106 2526 Homericis,²)
1132 2438 1324 2523 quibuscum
1345 2436 1459 2501 Proclo

287 2544 377 2609 nulla
405 2552 474 2609 eret
502 2545 691 2631 necessitas,
718 2545 819 2609 veteri
846 2545 1069 2630 grammatico,
1097 2549 1133 2609 ut
1161 2548 1275 2629 postea
1305 2545 1340 2607 in
1363 2543 1449 2628 expli

286 2651 395 2716 candis
418 2651 564 2715 fontibus
587 2652 656 2716 eius
679 2651 860 2739 apparebit,
887 2653 938 2717 vel
960 2653 1107 2717 maxima.
1153 2649 1267 2736 Neque
1290 2651 1461 2734 quisquam

287 2758 483 2836 dubitaverit
511 2758 608 2823 etiam
635 2758 692 2822 illa
719 2759 888 2823 Tzetziana
916 2760 954 2823 de
981 2759 1071 2824 vario
1100 2759 1283 2845 significatu
1311 2756 1461 2821 vocabuli

286 2869 359 2948 βίος
373 2865 448 2930 huic
462 2865 632 2949 interpreti
646 2865 783 2950 reddere,
794 2866 984 2950 praesertim
995 2888 1067 2930 eum
1076 2865 1192 2929 Taetza
1205 2869 1317 2949 postea
1332 2864 1370 2927 de
1381 2864 1461 2927 eius-

285 2973 373 3038 modi
405 2973 501 3036 rebus
532 2972 696 3036 rarissimo
727 2972 824 3037 verba
856 2973 953 3036 faciat
986 2972 1136 3060 (scilicet,
1172 2973 1248 3056 quia
1279 2971 1461 3035 defecerunt

287 3079 409 3143 scholia
432 3101 471 3142 ex
492 3078 555 3142 hoc
578 3080 807 3143 commentario
831 3076 1005 3163 excerpta).

377 3183 562 3270 Sequuntur
590 3186 650 3249 sub
678 3188 786 3262 ἄλλως
814 3185 936 3250 0010110
962 3210 992 3269 p.
1017 3185 1073 3270 58,
1099 3186 1242 3270 10-14,
1271 3184 1401 3249 15-18
1430 3182 1462 3270 (0

288 3292 406 3376 quibus
437 3293 593 3357 nonnulla
624 3293 739 3358 Tactza
771 3293 940 3377 exscripsit
967 3316 998 3377 p.
1022 3292 1080 3380 58,
1106 3292 1164 3381 26)
1188 3297 1220 3357 01
1243 3316 1274 3378 p.
1294 3294 1347 3380 61,
1365 3290 1461 3356 549.

286 3398 388 3464 Paulo
411 3399 495 3464 infra
517 3400 589 3465 vide
608 3400 756 3465 Tzetzam
774 3400 813 3464 de
832 3422 890 3464 000
910 3401 1155 3485 grammaticum
1173 3425 1205 3484 p.
1225 3399 1277 3484 61,
1293 3397 1347 3462 15:
1370 3421 1462 3463 κεκο-

287 3507 500 3591 cccccccccc,
537 3505 600 3572 καὶ
644 3507 714 3572 ὅσα
751 3509 871 3589 λόγου
909 3507 1000 3592 δίχα
1036 3509 1145 3584 τινὸς
1182 3505 1385 3583 διπλασιάζει
1422 3505 1462 3568 τὰ

287 3614 464 3700 σύμφωνα,
487 3614 628 3679 Αίολικά
652 3616 737 3679 εἰσιν
756 3612 801 3701 (1).
856 3612 1047 3678 Addendum
1079 3616 1128 3678 est
1150 3613 1324 3699 vestigium
1348 3611 1462 3676 scholii

289 3719 328 3783 ad
351 3742 379 3784 v.
400 3719 451 3805 37,
476 3721 561 3804 quod
588 3721 623 3785 in
645 3720 697 3785 Pe.
722 3719 864 3785 Zonaras
886 3721 988 3784 lexico
1011 3720 1154 3784 invenies
1177 3744 1207 3803 p.
1227 3719 1291 3783 937
1316 3716 1463 3805 (ἐφόρεις

286 3826 435 3891 lemmate
457 3827 529 3912 ipso
554 3825 704 3915 servato).
758 3825 820 3892 Sed
843 3849 901 3892 suo
925 3849 1013 3891 more
1035 3826 1086 3891 Ps.
1110 3825 1250 3891 Zonaras
1275 3847 1372 3909 quam
1394 3824 1462 3888 bre-

287 3933 439 3998 vissimus
466 3938 516 3998 001
545 3935 582 3999 10
608 3934 814 4000 exscribendo
843 3934 974 3999 scholio.
1006 3972 1043 3980 —
1072 3933 1106 3998 P.
1127 3934 1183 4018 63,
1202 3933 1244 3997 26
1278 3931 1382 3996 indice
1405 3931 1462 3995 illo

287 4042 395 4118 ἄλλως
410 4040 494 4105 nihil
507 4040 633 4106 valente
648 4042 756 4105 omnia
770 4041 944 4106 tribuimus
959 4040 1073 4106 Proclo
1087 4065 1117 4124 p.
1128 4040 1180 4105 55.
1208 4039 1260 4104 Ad
1273 4062 1302 4103 v.
1312 4039 1354 4102 41
1369 4062 1400 4123 p.
1411 4037 1464 4121 64,

290 4146 420 4211 16-23
445 4148 531 4231 quod
554 4146 614 4211 sub
638 4149 745 4225 ἄλλως
768 4151 817 4211 001
841 4148 999 4213 scholium
1012 4146 1151 4233 Veteris,
1173 4147 1207 4211 id
1230 4169 1289 4211 suo
1312 4167 1402 4210 more
1419 4148 1463 4208 'ut

380 4396 407 4465 1)
430 4394 475 4448 Ad
500 4399 580 4464 p89.
619 4392 760 4464 Censores,
788 4393 837 4462 qui
867 4393 1063 4463 exscripserint
1091 4396 1219 4448 auctores
1247 4392 1339 4463 Etym.
1368 4393 1463 4463 Magn.

289 4500 318 4550 p.
335 4488 395 4551 116,
411 4487 435 4552 5,
455 4482 577 4537 Gudian.
596 4500 617 4536 s.
637 4500 672 4552 0.,
691 4483 819 4538 Eustath.
839 4500 865 4552 p.
882 4486 960 4552 1715,
975 4488 1017 4536 25.
