3342 5168
278 251 321 315 56
747 247 859 303 Scholia
877 246 976 302 Procli.

280 411 324 500 (p.
346 413 396 498 72,
411 412 551 499 24-73,
565 409 614 499 611
637 411 699 476 hoc
722 411 808 475 enim
826 410 893 475 sine
912 410 1009 474 dubio
1028 410 1092 474 iam
1110 409 1302 474 Plutarchus
1324 409 1447 497 Proclo,

278 517 411 583 Proclus
434 518 567 582 Tzetzae
594 517 818 602 suppeditavit.
846 554 884 563 —
911 515 963 580 Ad
984 538 1013 580 v.
1037 517 1079 579 47
1107 515 1263 580 nonnulla
1286 521 1362 580 sunt
1385 522 1448 582 tra-

281 625 347 689 dita
370 647 399 708 p.
421 624 475 708 73,
496 623 634 688 15-19.
681 622 768 699 Quae
791 644 902 687 rursus
924 622 1001 686 licet
1024 622 1177 706 ampliare
1201 622 1349 687 omnibus
1372 623 1448 710 illis,
1472 634 1476 641 '

280 752 361 814 quae
388 731 502 793 710113
529 729 676 795 adhibuit
703 751 742 793 ex
769 728 1003 813 Epicureorum
1031 729 1176 793 doctrina
1206 733 1238 792 et
1265 727 1448 795 Stoicorum

280 835 483 921 etymologia.
534 834 679 901 Produnt
715 835 892 919 hominem,
928 839 966 899 ut
998 836 1124 919 saepius
1157 835 1448 922 animadvertimus,

206 936 209 944 ’
279 943 382 1027 ipsius
409 942 685 1026 13111311.75,7;
715 941 751 1007 ἐν
777 951 816 1027 τῇ
845 946 1041 1029 λεπτολογίᾳ
1069 938 1106 1007 di
1128 954 1196 1007 τῶν
1219 940 1307 1007 ἐπῶν
1330 942 1449 1027 σαφέ-

279 1068 419 1135 στερον
452 1055 584 1133 εἴποιμι.
631 1046 782 1112 Ceterum
814 1069 831 1111 e
862 1069 897 1111 re
929 1048 990 1112 erit
1022 1048 1177 1112 nonnulla
1206 1070 1244 1112 311
1272 1049 1449 1114 Tzetzianis

279 1157 424 1221 conferre
438 1177 510 1220 oum
520 1155 697 1219 Proclianis
712 1155 752 1218 ad
765 1176 875 1219 versus
889 1154 969 1218 duos
984 1154 1039 1237 qui
1054 1158 1232 1237 sequuntur
1245 1152 1289 1242 (p.
1301 1155 1352 1240 75,
1361 1156 1448 1221 29-

281 1263 337 1346 76,
351 1262 408 1346 20,
423 1258 578 1348 26-33).
625 1259 782 1325 Advertas
810 1261 907 1325 etiam
928 1260 1035 1325 Procli
1063 1260 1185 1326 scholia
1208 1262 1248 1325 ad
1270 1284 1298 1326 v.
1317 1261 1448 1326 50-53

281 1366 1023 1456 (11.77,1-7,30-11.78,5,15-22),3111111113
1037 1367 1205 1453 intelleges
1219 1390 1292 1432 eum
1305 1367 1450 1433 huiusce-

279 1476 368 1540 modi
395 1496 446 1539 res
473 1474 637 1538 fusissime
662 1475 858 1539 tractavisse.
904 1474 990 1550 Quae
1013 1495 1109 1558 porro
1134 1475 1172 1538 de
1194 1475 1324 1539 nomine
1346 1474 1449 1559 Iapeti

280 1580 408 1665 Pnetza,
440 1581 642 1664 maximeque
675 1603 756 1664 quae
781 1578 823 1668 (p.
849 1578 906 1668 81)
940 1580 978 1645 de
1010 1581 1277 1665 interpretatione
1308 1580 1450 1668 physica,

229 1731 233 1738 ·
279 1688 492 1775 pragmatica,
519 1687 671 1771 psychica
692 1687 833 1752 nominis
856 1686 1041 1752 Promethei
1062 1686 1174 1773 habet,
1202 1709 1239 1752 33
1261 1687 1375 1752 Proclo
1399 1688 1451 1752 ad-

280 1794 418 1858 scribere
454 1815 521 1859 non
557 1798 686 1858 tantum
717 1816 774 1878 per
807 1793 989 1878 argumenti
1020 1797 1169 1858 naturam
1201 1794 1359 1880 cogimur,
1395 1793 1451 1859 sed

281 1901 379 1965 etiam
406 1901 508 1983 ipsius
531 1898 638 1964 Procli
661 1899 783 1965 scholia
806 1900 845 1964 ad
867 1921 896 1964 11.
915 1898 1046 1963 56-59
1070 1922 1100 1983 p.
1121 1899 1172 1986 82,
1188 1900 1304 1986 7-16,
1318 1900 1451 1964 23-24

280 2007 315 2070 in
347 2006 617 2090 comparationem
649 2010 777 2090 100313,
816 2006 895 2089 quin
927 2006 1025 2069 etiam
1056 2006 1188 2070 Tzetzae
1219 2007 1323 2090 prima
1353 2007 1451 2071 verba

201 2098 203 2101 .
283 2111 326 2200 (p.
348 2112 399 2196 80,
413 2109 481 2199 27),
505 2112 622 2195 quibus
644 2111 921 2176 vehementissime
942 2111 1106 2176 invehitur
1124 2112 1159 2175 in
1176 2111 1335 2198 Proclum,
1359 2134 1451 2198 argu·
1482 2134 1486 2142 ·

280 2222 389 2284 mento
421 2218 516 2283 nobis
549 2221 625 2282 sunt
661 2216 829 2282 Procliana
861 2240 930 2283 esse
965 2218 1044 2283 haec
1077 2220 1192 2284 omnia.
1217 2257 1259 2265 —
1282 2219 1334 2284 Ad
1355 2242 1383 2284 11.
1407 2218 1450 2283 59

281 2350 310 2410 p.
332 2325 387 2408 82,
403 2324 535 2388 23-24
567 2324 778 2408 perexiguum
807 2323 965 2389 scholium
990 2324 1146 2389 habemus
1173 2324 1294 2412 Procli,
1325 2329 1451 2410 praeter

282 2432 466 2516 opinionem
494 2434 525 2494 et
553 2430 637 2514 apud
666 2431 813 2495 Tnetzam
840 2431 980 2515 plurima
1007 2436 1083 2495 sunt
1111 2432 1149 2495 de
1176 2432 1245 2496 risu
1273 2432 1454 2517 sardonico,

281 2543 314 2602 et
337 2538 455 2602 similia
478 2537 576 2601 etiam
600 2538 683 2621 apud
701 2536 958 2622 Moschopulum,
982 2559 1077 2621 quem
1101 2559 1197 2622 supra
1215 2538 1353 2604 vidimus
1372 2561 1452 2604 nun-

282 2666 379 2728 quam
402 2643 616 2707 eTzetzianis
638 2643 783 2727 pendere.
825 2640 1013 2708 Communis
1037 2647 1149 2708 auctor
1173 2646 1245 2728 quis
1267 2646 1373 2732 fuerit,
1396 2648 1451 2710 vix

280 2755 389 2835 potest
417 2750 550 2815 dubium
580 2772 657 2815 esse.
708 2747 854 2834 Accedit,
884 2750 971 2834 quod
998 2749 1203 2836 Eustathius,
1236 2753 1292 2835 qui
1319 2753 1370 2817 his
1399 2752 1452 2841 (ad

280 2857 371 2922 Iliad.
395 2881 424 2941 p.
446 2856 540 2941 1330,
557 2857 575 2920 7
600 2861 632 2920 et
655 2880 684 2941 p.
705 2856 779 2941 656,
794 2853 850 2942 34)
869 2855 953 2921 hano
972 2857 1163 2921 sententiam
1182 2860 1452 2943 commemoravit,

280 2964 379 3029 tertio
404 2963 542 3047 quodam
565 2963 637 3027 1000
656 2963 826 3026 7131113113
848 2963 1000 3046 repetivit
1023 2964 1130 3027 omnia
1153 2961 1207 3051 (ad
1225 2963 1402 3049 Odysseam
1420 2965 1452 3031 Π

281 3094 310 3154 p.
331 3070 409 3153 238,
424 3067 585 3156 26-46),
611 3090 695 3132 nova
717 3068 820 3132 multa
843 3070 966 3153 attulit,
991 3070 1157 3154 opiniones
1178 3071 1377 3137 diversorum
1400 3094 1452 3137 ex-

280 3176 399 3260 posuit.
424 3213 465 3221 —
488 3174 619 3238 Praeter
646 3175 715 3259 illa,
743 3196 824 3259 quae
846 3174 953 3240 Procli
982 3177 1041 3241 sub
1064 3178 1195 3242 nomine
1217 3177 1389 3242 traduntur
1412 3179 1452 3242 ad

281 3305 311 3347 11.
330 3281 374 3347 60
396 3305 428 3366 p.
448 3283 503 3366 84,
519 3281 641 3366 7-22,
665 3285 742 3346 sunt
765 3282 907 3346 eiusdem
930 3283 998 3346 sine
1021 3283 1129 3368 dubio,
1154 3278 1372 3368 (1130713113
1395 3285 1452 3350 ἀλ-

282 3395 465 3473 ληγορικῶς
487 3411 518 3472 p.
538 3387 591 3473 84,
605 3386 746 3471 25-85,
764 3388 787 3451 4
814 3388 992 3473 proposuit.
1039 3387 1161 3454 Contra
1183 3391 1251 3454 eius
1275 3390 1452 3456 doctrinam

281 3494 414 3558 minime
438 3494 582 3577 sapiunt,
612 3515 692 3577 quae
716 3495 784 3559 eius
809 3495 869 3559 suh
892 3495 1022 3559 nomine
1045 3498 1157 3560 extant
1179 3496 1218 3561 de
1240 3496 1452 3562 declinatione

281 3600 370 3665 vocis
392 3600 474 3677 81101
497 3624 528 3685 p.
548 3600 754 3684 84,18-22.
776 3639 813 3647 -
830 3599 952 3665 Versus
972 3601 1105 3667 61-64
1127 3602 1301 3687 explicavit
1318 3602 1452 3667 Proclus

282 3707 438 3791 ampliore
475 3706 719 3794 commentari0,
755 3707 837 3772 unde
872 3730 930 3792 per
962 3712 1114 3792 excerpta
1146 3713 1300 3793 quattuor
1331 3709 1452 3773 scholia

282 3813 1301 3901 3011113111311.86,13-14,87,5-12,24-27,28-11.88,2.
1320 3815 1452 3880 Eisdem

281 3919 513 4005 Moschopulus
537 3944 568 4005 p.
589 3921 748 4005 87,1-4
771 3921 897 3985 nititur.
944 3918 1007 3984 Sed
1029 3919 1144 3984 Tnetza
1166 3922 1325 4006 interpres
1349 3921 1453 4005 philo·

282 4026 404 4109 sophus
428 4027 533 4109 qualis
557 4027 610 4112 sit,
632 4027 791 4110 hocloco,
814 4026 871 4090 11111
890 4027 924 4090 in
948 4027 1015 4091 eius
1040 4028 1170 4112 oppella
1189 4028 1453 4112 acquiescendum

282 4135 347 4216 est,
369 4132 460 4196 iuvat
483 4131 657 4195 ostendere.
704 4131 765 4209 Qui
787 4133 823 4196 in
845 4155 939 4197 versu
964 4133 1007 4197 62
1029 4134 1186 4198 vocabula
1209 4135 1392 4211 ἀθανάταις
1415 4130 1453 4199 δὲ

282 4244 379 4314 θεαῖς
408 4236 573 4322 amplexus
602 4239 794 4303 sententiam
821 4238 1055 4322 Epicureorum
1081 4240 1165 4305 male
1193 4241 1233 4304 ab
1261 4241 1332 4324 ipso
1360 4240 1452 4304 intel-

281 4344 400 4410 lectam
436 4344 483 4407 ita
523 4343 711 4427 explicavit:
747 4345 854 4427 ἤγουν
894 4357 977 4423 τοῖς
1012 4352 1186 4430 tuticus
1223 4345 1451 4431 λεγομένοις
