3366 5168
466 329 598 402 Didymei
617 332 653 386 ad
672 331 765 403 Opera
782 333 976 411 commentorii
993 334 1161 412 fragmenta.
1335 340 1398 405 149

228 495 329 561 altero
362 495 402 560 ad
438 492 583 560 alterum
610 495 735 560 librarii
764 496 992 565 oberraverunt
1024 498 1121 583 oeuli3
1154 522 1217 583 que
1248 523 1283 566 re
1314 502 1398 570 lecu·

227 624 302 667 nem
331 603 376 667 sie
404 602 564 686 expleam:
587 603 608 686 ἡ
631 603 694 687 γὰρ
719 601 810 680 ἐλπὶς
836 614 965 669 κακῶν
998 603 1050 686 [τί
1075 604 1143 670 ἐστι
1170 604 1225 671 καὶ
1249 607 1398 690 ἀγαθῶν.

228 708 303 775 ἀλλ’
333 710 523 795 ἀνθρώπων
555 706 623 774 ἐστὶ
654 710 692 774 τὸ
723 710 785 793 τὴν
818 709 934 776 ε’λπίδα
965 709 1118 796 προέχειν
1149 724 1216 778 τῶν
1245 694 1398 801 κακῶν],

228 816 269 881 οὐ
292 822 392 881 θεῶν.
438 812 517 882 ddi
537 813 692 893 Ἡσίοδος
714 815 845 900 ἄκύρως
868 815 921 881 ἐπὶ
943 828 1055 883 κακῶν
1078 813 1162 903 εἷπε,
1193 820 1314 886 scilieet
1342 824 1398 906 qui

226 920 336 986 Iovem
359 921 378 986 i.
399 945 423 987 o.
448 922 523 988 deos
552 921 687 987 dixisset
714 920 776 1009 (its
802 923 1009 1007 interpretari
1035 946 1104 988 rem
1131 925 1221 991 iubet
1243 950 1303 992 nos
1327 928 1398 994 Ari-

227 1028 386 1114 starchus,
414 1029 453 1093 of.
480 1028 577 1093 huius
605 1028 680 1093 diss.
704 1033 800 1113 eaput
817 1027 880 1117 IV)
904 1029 1021 1095 ἐλπίδα
1043 1043 1154 1097 κακῶν
1175 1033 1211 1097 in
1238 1034 1324 1099 dolio
1352 1036 1397 1099 in·

226 1135 367 1201 elusisse.
426 1135 546 1200 Totum
577 1157 654 1200 vero
686 1136 903 1222 fragmentum
925 1136 1128 1221 'Didymeum
1160 1139 1200 1205 ud
1231 1164 1259 1205 v.
1288 1143 1330 1207 96
1350 1165 1396 1226 sq.

224 1242 310 1308 hune
345 1242 412 1307 fere
443 1243 478 1306 in
510 1242 641 1307 modum
672 1242 822 1308 restituo:
856 1242 897 1308 ε’ν
929 1243 1162 1331 ἀρρήκτοισι
1194 1247 1396 1331 δόμοισιν·

226 1347 392 1427 Σέλευκος
419 1345 457 1415 δὲ
484 1350 605 1437 γράφει
627 1353 772 1415 πίθοισι·
801 1360 909 1427 κακῶς
931 1352 994 1437 γὰρ
1018 1346 1110 1416 εἶπεν
1133 1350 1186 1417 ἐπὶ
1207 1362 1268 1418 τοῦ
1291 1358 1397 1421 πίθον

226 1458 331 1541 δόμον
363 1454 480 1541 λέγειν.
534 1460 639 1522 πίθον
672 1452 709 1521 δὲ
740 1458 780 1521 τὰ
808 1455 845 1522 ἐν
877 1457 1024 1545 οὐρανῷ,
1058 1458 1104 1535 ὡς
1127 1456 1270 1545 Ὅμηρος
1300 1458 1396 1543 λέγει.

225 1565 345 1628 ἔνδον
360 1566 489 1648 ἔμεινε
502 1566 639 1628 πίθου·
653 1573 724 1639 πῶς
737 1579 842 1647 φησιν
856 1566 987 1649 ἔμεινεν
1001 1614 1081 1630 .....
1091 1562 1287 1651 (sequuntur
1299 1567 1397 1632 verbs

226 1669 339 1735 scholii
352 1693 383 1754 p.
395 1670 468 1756 103,
481 1670 568 1734 2-8
589 1670 716 1754 expleta
729 1673 766 1734 ut
780 1668 884 1758 iussi).
922 1671 940 1737 ὁ
964 1667 1001 1736 δὲ
1020 1668 1175 1748 Ἡσίοδος
1198 1671 1325 1757 ἀκύρως
1343 1672 1396 1739 ἐπὶ

224 1788 334 1844 κακῶν
353 1772 454 1843 εἶπεν.
490 1777 652 1842 οὔπάντα
671 1774 709 1841 δὲ
727 1782 867 1842 τελεῖται
881 1779 922 1842 τὰ
935 1787 993 1861 τῆς
1008 1776 1151 1854 ἐλπίδος·
1172 1778 1255 1844 ὅθεν
1271 1783 1396 1845 Θονκυ-

225 1886 320 1968 δίδης
346 1886 508 1950 κινδύνου
535 1887 752 1969 παραμυθίαν
779 1878 850 1948 εἶπε
876 1883 938 1966 τὴν
961 1883 1078 1949 ἐλπίδα
1100 1882 1155 1949 καὶ
1170 1882 1324 1969 Ὅμηρος·
1348 1885 1396 1952 ἐλ-

223 1993 318 2076 πωρή
344 2015 396 2057 τοι
424 1993 535 2056 ἔπειτα
562 1993 678 2073 φίλους
706 1988 736 2055 τ’
763 1988 865 2056 ίδέειν
894 1988 928 2074 (η
949 1987 1022 2076 76),
1048 1989 1116 2055 καὶ·
1141 1992 1277 2075 εὔχομαι
1301 1991 1395 2059 ἐλπό-

224 2122 318 2183 μενοι
340 2101 405 2163 Διί
427 2096 453 2162 τ’
476 2098 629 2163 ἄλλοισίν
650 2120 686 2162 τε
708 2103 841 2162 θεοῖσιν
865 2094 910 2183 (Θ
932 2095 1040 2184 526)..
1064 2095 1219 2164 ,Ceterum
1238 2099 1275 2163 ef.
1300 2120 1397 2183 supra

222 2228 252 2289 p.
271 2204 315 2269 25
334 2208 366 2269 et
386 2204 642 2290 Schoemsnnum
659 2204 695 2267 in
713 2224 822 2287 opusc.
841 2202 924 2268 seed.
943 2201 993 2267 Ill
1010 2226 1040 2287 p.
1055 2203 1107 2268 57.
1145 2202 1312 2270 Seleucum
1334 2206 1396 2272 hoo

222 2311 293 2376 loeo
318 2311 456 2376 efficitur
479 2314 535 2377 aut
557 2310 753 2375 recensuisse
775 2308 909 2374 Hesiodi
932 2311 1073 2374 earmina
1091 2314 1147 2375 aut
1166 2313 1394 2377 eommenterio

222 2418 422 2483 instruxisse.
464 2416 548 2482 lllud
566 2417 680 2481 feeisse
699 2438 772 2481 eum
790 2416 1024 2500 affirmaverim,
1044 2416 1138 2500 quod,
1158 2416 1215 2481 ubi
1233 2418 1395 2486 invenitur

223 2526 291 2590 eius
318 2546 451 2610 nomen,
474 2527 523 2588 est
545 2545 596 2589 res
619 2523 658 2588 de
680 2526 750 2588 arte
772 2523 882 2587 critica
904 2522 1080 2592 factitando
1103 2521 1155 2607 (ef.
1178 2523 1277 2587 verba
1299 2526 1394 2591 modo

223 2631 335 2696 atlete:
358 2630 524 2707 Σέλευκος
546 2625 584 2695 δὲ
610 2630 765 2715 γράφει,
796 2632 829 2692 et
852 2628 1008 2722 ¹similiter
1030 2626 1198 2706 Σέλευκος
1224 2629 1341 2697 ἀθετεῖ
1360 2634 1395 2697 in

223 2737 345 2803 scholio
360 2735 577 2802 Choerobosei
597 2735 636 2800 sd
649 2759 677 2802 r.
688 2734 764 2821 547,
782 2739 815 2799 et
832 2757 861 2798 r.
878 2734 1000 2799 scholia
1013 2734 1218 2821 Theogoniee
1232 2736 1309 2801 adr.
1322 2739 1394 2824 114,

225 2844 297 2930 160,
311 2844 386 2930 270,
400 2842 523 2908 scholia
537 2840 627 2907 Souti
646 2842 686 2905 ad
699 2864 727 2907 v.
738 2840 832 2928 415);
851 2842 1096 2909 commentarios
1117 2863 1193 2908 vero
1211 2842 1279 2907 eius
1296 2843 1394 2909 tuisse

223 2951 415 3017 eonfirmant
438 2949 536 3016 verbe
557 2947 672 3014 Suidse
695 2945 733 3035 (s.
757 2971 785 3014 r.
805 2945 998 3035 Σέλευκος);
1021 2951 1165 3032 ἔγραψεν
1189 2948 1394 3033 ἐξηγητικδι

223 3060 271 3135 εἰς
287 3058 414 3123 πάντα
433 3058 478 3134 ὡς
496 3059 603 3122 είπείν
621 3058 772 3139 ποιητήν,
791 3058 823 3123 et
842 3055 928 3138 quod
945 3054 980 3119 in
997 3054 1059 3119 hoo
1078 3053 1200 3120 soholio
1219 3060 1394 3141 usurpatur

221 3165 260 3229 de
283 3186 320 3229 eo
344 3159 462 3230 εἶπεν.
495 3164 532 3229 of.
556 3161 789 3249 Ludwiohium,
806 3159 906 3226 Arist.
924 3159 1010 3226 hom
1029 3161 1158 3227 Textkr.
1177 3160 1193 3226 I
1211 3185 1241 3246 p.
1256 3162 1309 3227 51.

310 3269 362 3335 Ad
392 3294 421 3335 r.
443 3271 504 3336 127
540 3293 557 3335 e
596 3268 718 3337 scholio
754 3266 971 3337 Ohoerobosoi
1003 3272 1088 3334 oerte
1121 3273 1197 3335 sunt
1227 3270 1393 3356 Didymos,

222 3400 303 3461 quse
326 3382 402 3443 sunt
424 3401 455 3461 p.
475 3377 549 3463 122,
567 3377 589 3441 4
612 3380 644 3441 et
658 3375 691 3460 5,
713 3375 771 3440 ubi
793 3397 844 3441 res
867 3379 932 3462 est,
955 3375 1052 3442 sieuti
1075 3374 1138 3441 elio
1161 3375 1242 3462 looo,
1266 3375 1304 3443 de
1328 3399 1392 3460 quo

221 3484 286 3548 iam
314 3484 366 3570 egi
389 3507 418 3567 p.
440 3483 496 3569 12,
527 3483 565 3547 de
595 3481 729 3547 Hesiodi
752 3480 887 3566 Ἔργοις
918 3483 1081 3566 μεγάλοις.
1130 3482 1176 3547 At
1203 3482 1287 3547 nihil
1313 3483 1393 3548 oerti

220 3590 379 3674 Didymus
411 3589 449 3654 de
476 3587 538 3653 hoe
564 3588 664 3676 libro,
692 3610 788 3674 quem
816 3589 845 3653 ei
873 3592 929 3653 eut
956 3611 1022 3654 non
1048 3589 1148 3655 fuisse
1178 3593 1308 3673 praesto
1336 3593 1392 3655 eut

222 3696 364 3779 spurium
393 3695 499 3759 visum
526 3694 600 3759 inde
627 3694 827 3779 eorreludem3
855 3693 949 3759 aliter
975 3715 1042 3759 non
1071 3694 1224 3759 tacuisset
1245 3695 1391 3778 inspecto

220 3801 305 3866 libro
327 3823 431 3885 neque
453 3802 692 3885 provocavisset
715 3800 756 3864 sd
779 3800 897 3877 ἐνίους.
944 3798 1005 3864 Sed
1028 3820 1068 3864 ne
1091 3800 1183 3864 unice
1200 3821 1312 3867 rerum
1330 3800 1392 3866 hoo

222 3909 333 3995 dicem,
355 3907 521 3994 impedior,
545 3908 631 3992 quod
653 3907 724 3973 fieri
746 3910 865 3992 potest,
887 3909 924 3971 ut
947 3927 982 3971 re
1004 3927 1079 3971 rere
1103 3906 1141 3970 de
1164 3905 1224 3971 hee
1242 3928 1276 3970 re
1294 3906 1392 3974 verbe

221 4016 333 4080 feeerit
357 4014 532 4100 Didymus,
563 4014 723 4081 sententie
748 4017 856 4079 sutem
882 4012 950 4078 eius
975 4013 1108 4097 perierit
1132 4016 1314 4097 temporum
1341 4014 1391 4079 de

221 4144 324 4188 eursu.
357 4159 399 4168 -
431 4121 532 4186 Porro
560 4120 595 4185 in
621 4119 798 4186 Aristonici
828 4120 867 4183 de
882 4118 1051 4205 Nymphis
1073 4119 1217 4185 Meliaeis
1244 4120 1390 4206 reliquiis

221 4252 251 4312 p.
263 4228 326 4293 145
345 4228 426 4293 lutet
443 4228 659 4313 fragmentum
676 4226 817 4314 Didymi,
835 4228 925 4292 euius
945 4226 1043 4292 verba
1059 4227 1130 4311 ipsa
1147 4248 1214 4291 non
1232 4227 1297 4291 iam
1315 4226 1391 4291 lieet

222 4335 311 4400 seire.
336 4373 377 4382 -
400 4333 557 4401 Neorion
580 4334 701 4422 omnis,
727 4354 807 4418 quoe
830 4334 872 4398 ad
893 4356 921 4398 v.
942 4334 1005 4399 148
1029 4332 1068 4398 de
1091 4332 1248 4399 vocabulo
1270 4335 1390 4399 ἄαπτοι

222 4439 519 4528 Choeroboseusp.
540 4440 613 4529 131,
631 4440 675 4506 20
702 4444 735 4506 et
757 4438 908 4531 Eustath.
936 4440 977 4505 ed
1002 4437 1092 4506 Iliad.
1117 4438 1134 4504 I
1158 4439 1231 4528 122,
1249 4438 1391 4507 36--40
