3390 5178
322 336 387 400 192
568 337 613 393 De
633 335 755 407 Operum
773 336 900 392 versibus
919 337 956 391 ab
975 337 1100 407 antiquis
1119 337 1252 393 laudatis.

320 500 359 564 ad
389 499 478 565 Iliad.
501 523 531 585 p,
553 500 663 587 127,1
689 499 958 589 (=1059‚14)3
985 501 1027 566 ab
1057 499 1175 567 Orione
1210 500 1286 588 περὶ
1316 503 1410 585 δίκης
1440 502 1496 569 καὶ

320 608 535 691 δικαιοσύνης
561 606 618 692 VI,
639 606 680 671 13
703 605 764 694 (ed.
794 607 952 673 Stobaeus
984 608 1156 674 Meineckii
1188 631 1219 693 p.
1238 606 1327 695 258).
1378 607 1495 674 Omnes

320 718 452 798 excepto
470 735 535 778 uno
554 712 714 779 Aeschine
732 715 920 799 conspIrant
942 736 1016 780 cum
1034 715 1197 780 codicibus
1217 714 1399 803 Hesiodeis,
1421 738 1496 780 nam

318 821 394 885 licet
416 821 515 884 missa
538 821 641 885 facere
664 822 769 905 primo
797 826 929 906 aspectu
951 822 1033 886 falsa
1060 845 1142 906 quae
1164 826 1321 906 apparent
1343 824 1497 900 πολλάκις

318 926 373 992 καὶ
396 927 432 991 in
453 948 518 992 uno
543 927 657 992 scholii
676 928 863 1014 apographo
887 929 972 1013 apud
991 927 1179 994 Oramerum
1198 927 1259 1016 (sic
1276 929 1374 994 etiam
1391 931 1496 1014 prima

319 1055 433 1098 manus
452 1034 609 1100 codicisD
626 1033 803 1121 Hesiodei),
820 1057 837 1098 e
869 1036 1010 1102 πολλάκι
1024 1034 1176 1121 ξύμπασα
1190 1058 1266 1100 casu
1281 1036 1401 1101 omissa
1414 1059 1496 1121 quae

319 1140 515 1224 sequebatur
529 1141 642 1206 vocula
656 1141 827 1206 Aeschinis
842 1142 949 1226 priore
964 1143 1045 1207 loco.
1073 1142 1187 1208 Altero
1205 1146 1313 1207 tamen
1327 1142 1495 1207 Aeschinis

318 1248 390 1313 loco
414 1248 500 1332 quod
527 1247 647 1333 legitur
670 1249 712 1332 δή
739 1270 798 1333 pro
821 1247 890 1333 καὶ,
917 1255 1070 1336 nonest,
1097 1250 1183 1334 quod
1211 1249 1340 1333 quidem
1363 1250 1495 1335 videam,

319 1354 514 1439 corruptela,
542 1354 597 1418 scd
624 1355 713 1420 varia
739 1355 844 1420 lectio.
889 1355 1044 1421 Eiusdem
1071 1378 1183 1421 versus
1211 1357 1246 1420 in
1272 1356 1337 1420 fine
1364 1358 1495 1441 ἀπηύρα

319 1462 440 1546 optime
459 1462 604 1526 munitm
624 1461 788 1527 codicibus
807 1460 963 1549 (exceptis
982 1464 1221 1547 recentissimis,
1240 1484 1377 1547 quorum
1397 1462 1495 1529 ἐπαυ-

319 1581 373 1652 ρεῖ
393 1566 518 1655 mitto),
550 1570 746 1634 testimoniis
775 1570 939 1656 omnibus,
968 1569 1048 1635 locis
1075 1569 1257 1635 Homericis
1280 1569 1402 1657 A334,
1420 1570 1495 1656 430,

322 1674 609 1762 c237,1273a1.
654 1674 757 1751 Quam
779 1677 917 1742 formam
945 1678 1106 1742 immerito
1129 1677 1247 1741 abiecit
1270 1672 1418 1740 Sittelius
1441 1675 1494 1764 (cf.

319 1782 417 1846 etiam
436 1780 485 1846 Sc.
504 1781 598 1846 Herc.
617 1782 693 1868 428,
711 1786 744 1846 ct
766 1805 795 1847 v.
819 1782 938 1867 Theog.
962 1780 1043 1871 423)
1066 1782 1162 1846 nimis
1190 1782 1269 1847 fisus
1297 1784 1495 1868 argumentis

318 1886 470 1954 Ahrensii
490 1886 556 1976 (III.
571 1887 660 1953 Schr.
678 1887 705 1976 I,
723 1890 767 1954 20
777 1912 833 1974 sq,
851 1886 932 1976 544)
951 1893 983 1953 et
998 1887 1111 1954 Sonnii
1129 1887 1259 1976 (Kuhns
1274 1887 1396 1954 Ztschr.
1415 1888 1495 1954 XIII

318 2020 348 2079 p.
367 1995 448 2083 434)
476 1996 635 2080 iussitque
661 1996 782 2080 ubique
809 1996 893 2079 apud
920 1994 1097 2060 Hesiodum
1126 1995 1252 2079 ἀπεῦρα
1280 1997 1386 2061 scribi.
1433 1994 1495 2062 Sed

318 2102 467 2186 pluribus
490 2103 529 2166 de
551 2102 611 2166 hac
634 2124 669 2166 re
691 2103 846 2167 disserere
868 2123 935 2166 non
957 2106 1006 2166 est
1027 2102 1125 2166 huius
1145 2101 1217 2167 loci.
1249 2101 1410 2167 Versuum
1427 2104 1491 2167 241

318 2213 351 2273 et
379 2208 444 2273 242
475 2212 585 2273 textus
618 2209 771 2295 vulgatus
806 2231 874 2274 non
905 2209 1046 2273 concinit
1078 2231 1150 2274 oum
1180 2208 1362 2274 Aeschineo
1391 2207 1494 2297 (1.1.)

319 2317 376 2400 qui
399 2320 462 2381 est:

319 2475 360 2559 ὅς
382 2500 448 2541 κεν
471 2476 680 2564 ἀλιτραίνη
702 2475 758 2542 καὶ
781 2477 954 2543 ἀτάσθαλα
976 2478 1189 2562 μηχανάαται.
1221 2476 1277 2564 (Π,
1298 2477 1377 2567 158)

319 2581 375 2666 [ὅς
397 2607 464 2648 κεν
487 2583 697 2671 ἀλιτραίνη
719 2583 773 2649 καὶ
798 2584 970 2651 ἀτάσθαλα
993 2585 1208 2669 μητιάαται.
1247 2583 1305 2670 ΠΙ,
1327 2585 1404 2670 135]

319 2701 428 2755 τοῖσιν
451 2685 481 2755 δ’
508 2692 697 2777 οὐρανόθεν
720 2691 816 2776 μέγα
843 2702 948 2776 πῆμα
972 2693 1071 2756 δῶκε
1095 2688 1161 2778 (vel
1189 2691 1305 2780 ἔδωκε)
1328 2696 1493 2779 Κρονίων.

406 2849 515 2936 Atque
533 2851 623 2938 legit,
646 2852 675 2918 si
694 2853 771 2937 quid
789 2853 891 2938 video,
910 2852 1085 2918 Aeschines
1104 2852 1290 2936 μητιάαται,
1313 2853 1404 2918 cuius
1421 2853 1493 2918 loco

319 2963 486 3024 exaratum
505 2964 555 3024 est
573 2965 686 3044 postea
704 2960 910 3045 μηχανάαται
933 2960 968 3023 in
987 2981 1031 3024 or.
1056 2959 1094 3024 de
1116 2959 1198 3023 falsa
1220 2958 1316 3045 legat.
1339 2959 1452 3024 habita
1474 2982 1493 3023 a

318 3064 467 3152 librario,
490 3067 545 3150 qui
573 3066 770 3131 diversitatis
797 3088 865 3132 non
892 3067 1012 3131 inscius
1041 3066 1161 3131 evolvit
1189 3066 1366 3131 Hesiodum
1389 3089 1493 3131 suum.

317 3167 405 3235 Idem
429 3172 514 3236 enim
538 3172 607 3236 sine
630 3172 728 3237 dubio
752 3174 873 3237 factum
897 3177 946 3237 est
969 3173 1007 3236 de
1029 3195 1058 3237 v.
1078 3173 1153 3260 242,
1175 3173 1231 3257 qui
1254 3174 1288 3237 in
1306 3195 1372 3238 uno
1395 3177 1493 3257 atque

318 3298 355 3339 eo
380 3276 503 3359 optimo
523 3275 773 3362 Ctesiphonteae
796 3279 952 3343 orationis
976 3279 1083 3344 codice
1106 3281 1152 3344 sic
1175 3284 1291 3366 exstat,
1312 3284 1350 3344 ut
1371 3279 1493 3364 legitur

316 3382 352 3445 in
382 3380 475 3445 libris
507 3381 676 3448 Hesiodeis
711 3385 861 3469 vulgatis.
913 3383 983 3460 Quo
1017 3385 1088 3450 loco
1128 3385 1207 3450 item
1241 3390 1278 3450 ut
1306 3386 1412 3450 textui
1441 3385 1493 3450 vel

316 3492 449 3571 propter
467 3493 607 3554 metrum
624 3495 734 3575 aperte
757 3496 910 3576 corrupto
928 3491 1117 3576 mederetur,
1139 3492 1292 3557 librarius
1313 3492 1492 3558 Hesiodum

316 3594 465 3677 inspexit.
517 3594 578 3660 Sed
607 3619 711 3682 neque
740 3599 847 3664 δῶκεν
875 3597 959 3683 μέγα
988 3607 1080 3683 πῆμα
1109 3621 1213 3683 neque
1241 3597 1312 3684 μέγ’
1350 3598 1492 3682 ἐπήγαγε

316 3711 407 3786 πῆμα
435 3702 551 3787 legisse
574 3703 779 3791 Aeschinem,
808 3728 921 3770 verum
948 3702 1019 3790 μέν’
1047 3704 1189 3789 ἐπήλασε
1220 3715 1311 3792 πῆμα
1338 3705 1420 3769 mihi
1443 3710 1493 3769 est

316 3822 505 3892 persuasum
523 3833 593 3875 eam
617 3812 659 3876 ob
677 3834 755 3900 rem,
773 3813 860 3898 quod
877 3812 962 3876 infra
981 3833 1109 3896 quoque
1127 3813 1277 3898 congruit
1295 3812 1364 3876 eius
1382 3816 1491 3877 textus

316 3937 388 3980 cum
411 3938 462 3996 eo,
493 3918 549 4001 qui
576 3917 752 3985 Plutarcho
782 3924 851 3985 erat
878 3922 1021 4003 praesto,
1051 3918 1107 4002 qui
1137 3919 1230 3984 affert
1252 3917 1326 4004 μέν’
1351 3918 1492 4001 ἐπήλασε

315 4032 406 4107 πῆμα
430 4023 468 4087 de
492 4025 620 4091 stoicor.
639 4047 771 4112 repugn.
791 4050 821 4111 p.
842 4025 950 4090 104οα
969 4022 1039 4112 (VI.
1058 4024 1124 4089 233
1133 4024 1193 4114 Β).
1228 4024 1307 4090 Tres
1325 4026 1428 4111 igitur
1445 4025 1492 4088 in-

316 4134 392 4194 sunt
411 4131 446 4194 in
464 4130 590 4196 duobus
609 4132 756 4198 versibus
775 4132 928 4197 lectiones
946 4131 1060 4197 variae.
1093 4130 1243 4198 Ceterum
1260 4133 1300 4197 de
1317 4131 1492 4216 ἀλιτραίνῃ

316 4236 521 4302 coniunctivo
535 4261 564 4302 v.
575 4235 811 4325 (ioettlingium
824 4240 860 4304 in
872 4242 1030 4323 apparatu
1044 4238 1155 4304 critico
1170 4240 1210 4305 ad
1223 4263 1251 4305 v.
1262 4244 1295 4304 et
1308 4236 1491 4303 Nsuclrium

314 4342 388 4408 Mel.
413 4365 556 4429 prr-rom.
580 4343 628 4408 ΠΙ
653 4344 724 4410 155.
757 4384 799 4392 -
830 4344 879 4409 De
911 4366 1003 4409 versu
1027 4345 1092 4410 243
1122 4368 1296 4412 consensus
1326 4349 1375 4410 est
1406 4345 1492 4408 inter

314 4447 517 4536 Aeschinem,
540 4451 630 4516 cuius
650 4452 736 4536 quod
753 4453 847 4535 pauci
870 4451 993 4518 codices
1012 4451 1165 4518 exhibent
1188 4456 1306 4539 λοιμὸν
1329 4452 1413 4536 ὁμοῦ
1434 4449 1490 4517 καὶΙ
