<?xml version="1.0" encoding="UTF-8"?>
<!DOCTYPE html PUBLIC "-//W3C//DTD XHTML 1.0 Transitional//EN"
    "http://www.w3.org/TR/xhtml1/DTD/xhtml1-transitional.dtd">
<html xmlns="http://www.w3.org/1999/xhtml" xml:lang="en" lang="en">
 <head>
  <title>
</title>
<meta http-equiv="Content-Type" content="text/html;charset=utf-8" />
  <meta name='ocr-system' content='tesseract 3.04.00' />
  <meta name='ocr-capabilities' content='ocr_page ocr_carea ocr_par ocr_line ocrx_word'/>
</head>
<body>
  <div class='ocr_page' id='page_1' title='image "./studiahesiodeas01dimigoog_0252.png"; bbox 0 0 3390 5178; ppageno 0'>
   <div class='ocr_carea' id='block_1_1' title="bbox 575 1310 1050 1407">
    <p class='ocr_par' dir='ltr' id='par_1_1' title="bbox 575 1310 1050 1407">
     <span class='ocr_line' id='line_1_1' title="bbox 575 1310 1050 1407; baseline -0.004 -22"><span class='ocrx_word' id='word_1_1' title='bbox 575 1311 748 1385; x_wconf 89' lang='lat' dir='ltr'>Tabula</span> <span class='ocrx_word' id='word_1_2' title='bbox 775 1310 1050 1407; x_wconf 80' lang='lat' dir='ltr'>argumenti.</span> 
     </span>
    </p>
   </div>
   <div class='ocr_carea' id='block_1_2' title="bbox 757 1471 863 1479">
    <p class='ocr_par' dir='ltr' id='par_1_2' title="bbox 757 1471 863 1479">
     <span class='ocr_line' id='line_1_2' title="bbox 757 1471 863 1479; baseline -0.019 0"><span class='ocrx_word' id='word_1_3' title='bbox 757 1471 863 1479; x_wconf 75' lang='lat'><em>———--</em></span> 
     </span>
    </p>
   </div>
   <div class='ocr_carea' id='block_1_3' title="bbox 226 1553 1510 4560">
    <p class='ocr_par' dir='ltr' id='par_1_3' title="bbox 226 1553 1397 1716">
     <span class='ocr_line' id='line_1_3' title="bbox 226 1553 1397 1624; baseline -0.001 -14"><span class='ocrx_word' id='word_1_4' title='bbox 226 1555 314 1610; x_wconf 69' lang='lat' dir='ltr'>Carus</span> <span class='ocrx_word' id='word_1_5' title='bbox 333 1556 353 1610; x_wconf 88' lang='lat' dir='ltr'>l.</span> <span class='ocrx_word' id='word_1_6' title='bbox 391 1555 479 1622; x_wconf 79' lang='lat' dir='ltr'>Quale</span> <span class='ocrx_word' id='word_1_7' title='bbox 503 1558 532 1609; x_wconf 93' lang='lat' dir='ltr'>et</span> <span class='ocrx_word' id='word_1_8' title='bbox 555 1558 692 1624; x_wconf 89' lang='lat' dir='ltr'>quantum</span> <span class='ocrx_word' id='word_1_9' title='bbox 714 1553 843 1608; x_wconf 76' lang='lat' dir='ltr'>noverint</span> <span class='ocrx_word' id='word_1_10' title='bbox 865 1568 977 1607; x_wconf 89' lang='lat' dir='ltr'>carmen</span> <span class='ocrx_word' id='word_1_11' title='bbox 999 1553 1108 1623; x_wconf 85' lang='lat' dir='ltr'>„Opera</span> <span class='ocrx_word' id='word_1_12' title='bbox 1131 1557 1160 1608; x_wconf 95' lang='lat' dir='ltr'>et</span> <span class='ocrx_word' id='word_1_13' title='bbox 1176 1553 1262 1609; x_wconf 88' lang='lat' dir='ltr'>Dies“</span> <span class='ocrx_word' id='word_1_14' title='bbox 1286 1554 1397 1624; x_wconf 90' lang='lat' dir='ltr'>antiqui</span> 
     </span>
     <span class='ocr_line' id='line_1_4' title="bbox 296 1645 572 1716; baseline 0.007 -19"><span class='ocrx_word' id='word_1_15' title='bbox 296 1645 415 1699; x_wconf 89' lang='lat' dir='ltr'>lectores</span> <span class='ocrx_word' id='word_1_16' title='bbox 433 1665 461 1716; x_wconf 94' lang='lat' dir='ltr'>p.</span> <span class='ocrx_word' id='word_1_17' title='bbox 477 1651 572 1699; x_wconf 84' lang='lat'>1-14.</span> 
     </span>
    </p>

    <p class='ocr_par' dir='ltr' id='par_1_4' title="bbox 342 1729 1396 1804">
     <span class='ocr_line' id='line_1_5' title="bbox 342 1729 1396 1804; baseline 0.001 -17"><span class='ocrx_word' id='word_1_18' title='bbox 342 1741 365 1789; x_wconf 88' lang='lat'>1.</span> <span class='ocrx_word' id='word_1_19' title='bbox 384 1735 426 1788; x_wconf 99' lang='grc' dir='ltr'>ΒΘ</span> <span class='ocrx_word' id='word_1_20' title='bbox 437 1734 559 1804; x_wconf 89' lang='lat' dir='ltr'>Operum</span> <span class='ocrx_word' id='word_1_21' title='bbox 572 1731 652 1787; x_wconf 87' lang='lat' dir='ltr'>libris</span> <span class='ocrx_word' id='word_1_22' title='bbox 666 1732 864 1802; x_wconf 72' lang='lat' dir='ltr'><strong>manuscriptis</strong></span> <span class='ocrx_word' id='word_1_23' title='bbox 879 1733 908 1785; x_wconf 93' lang='lat' dir='ltr'>et</span> <span class='ocrx_word' id='word_1_24' title='bbox 921 1729 1087 1801; x_wconf 79' lang='lat' dir='ltr'>fragmentis</span> <span class='ocrx_word' id='word_1_25' title='bbox 1101 1731 1267 1800; x_wconf 75' lang='lat' dir='ltr'>papyraceis</span> <span class='ocrx_word' id='word_1_26' title='bbox 1281 1750 1308 1801; x_wconf 91' lang='lat' dir='ltr'>p.</span> <span class='ocrx_word' id='word_1_27' title='bbox 1319 1738 1396 1788; x_wconf 83' lang='lat'>1-3.</span> 
     </span>
    </p>

    <p class='ocr_par' dir='ltr' id='par_1_5' title="bbox 341 1819 1060 1893">
     <span class='ocr_line' id='line_1_6' title="bbox 341 1819 1060 1893; baseline -0.006 -16"><span class='ocrx_word' id='word_1_28' title='bbox 341 1830 365 1878; x_wconf 78' lang='lat'>2.</span> <span class='ocrx_word' id='word_1_29' title='bbox 384 1823 426 1877; x_wconf 90' lang='lat' dir='ltr'>De</span> <span class='ocrx_word' id='word_1_30' title='bbox 443 1821 635 1893; x_wconf 75' lang='lat' dir='ltr'>peculiaribus</span> <span class='ocrx_word' id='word_1_31' title='bbox 654 1821 776 1891; x_wconf 89' lang='lat' dir='ltr'>Operum</span> <span class='ocrx_word' id='word_1_32' title='bbox 794 1819 921 1891; x_wconf 86' lang='lat' dir='ltr'>partibus</span> <span class='ocrx_word' id='word_1_33' title='bbox 940 1839 966 1890; x_wconf 89' lang='lat' dir='ltr'>p.</span> <span class='ocrx_word' id='word_1_34' title='bbox 982 1825 1060 1873; x_wconf 84' lang='lat'>3-5.</span> 
     </span>
    </p>

    <p class='ocr_par' dir='ltr' id='par_1_6' title="bbox 342 1907 1398 2338">
     <span class='ocr_line' id='line_1_7' title="bbox 342 1907 1397 1980; baseline -0.002 -15"><span class='ocrx_word' id='word_1_35' title='bbox 342 1918 366 1967; x_wconf 86' lang='lat'>3.</span> <span class='ocrx_word' id='word_1_36' title='bbox 387 1910 530 1977; x_wconf 82' lang='lat' dir='ltr'>Quantum</span> <span class='ocrx_word' id='word_1_37' title='bbox 547 1910 675 1965; x_wconf 88' lang='lat' dir='ltr'>noverint</span> <span class='ocrx_word' id='word_1_38' title='bbox 693 1927 806 1965; x_wconf 89' lang='lat' dir='ltr'>carmen</span> <span class='ocrx_word' id='word_1_39' title='bbox 824 1908 934 1978; x_wconf 86' lang='lat' dir='ltr'>antiqui</span> <span class='ocrx_word' id='word_1_40' title='bbox 948 1909 1066 1963; x_wconf 88' lang='lat' dir='ltr'>lectores</span> <span class='ocrx_word' id='word_1_41' title='bbox 1080 1907 1202 1979; x_wconf 88' lang='lat' dir='ltr'>Proclus,</span> <span class='ocrx_word' id='word_1_42' title='bbox 1222 1909 1397 1980; x_wconf 77' lang='lat' dir='ltr'>Plutarchus,</span> 
     </span>
     <span class='ocr_line' id='line_1_8' title="bbox 385 1996 1398 2069; baseline -0.002 -15"><span class='ocrx_word' id='word_1_43' title='bbox 385 1999 577 2069; x_wconf 78' lang='lat' dir='ltr'>Alexandrini,</span> <span class='ocrx_word' id='word_1_44' title='bbox 597 1999 783 2054; x_wconf 86' lang='lat' dir='ltr'>Athenienses</span> <span class='ocrx_word' id='word_1_45' title='bbox 802 1998 950 2068; x_wconf 86' lang='lat' dir='ltr'>scriptores</span> <span class='ocrx_word' id='word_1_46' title='bbox 964 1996 1059 2065; x_wconf 90' lang='lat' dir='ltr'>quarti</span> <span class='ocrx_word' id='word_1_47' title='bbox 1073 1997 1186 2066; x_wconf 86' lang='lat' dir='ltr'>saeculi,</span> <span class='ocrx_word' id='word_1_48' title='bbox 1205 2000 1306 2067; x_wconf 89' lang='lat' dir='ltr'>poetae</span> <span class='ocrx_word' id='word_1_49' title='bbox 1321 2000 1398 2052; x_wconf 88' lang='lat' dir='ltr'>aeta-</span> 
     </span>
     <span class='ocr_line' id='line_1_9' title="bbox 385 2086 1396 2159; baseline 0 -16"><span class='ocrx_word' id='word_1_50' title='bbox 385 2089 423 2143; x_wconf 92' lang='lat' dir='ltr'>tis</span> <span class='ocrx_word' id='word_1_51' title='bbox 446 2090 607 2144; x_wconf 84' lang='lat' dir='ltr'>vetustioris</span> <span class='ocrx_word' id='word_1_52' title='bbox 630 2109 658 2159; x_wconf 91' lang='lat' dir='ltr'>p.</span> <span class='ocrx_word' id='word_1_53' title='bbox 674 2095 769 2144; x_wconf 81' lang='lat'>5-10.</span> <span class='ocrx_word' id='word_1_54' title='bbox 807 2089 849 2143; x_wconf 89' lang='grc' dir='ltr'>ΒΘ</span> <span class='ocrx_word' id='word_1_55' title='bbox 873 2087 1035 2142; x_wconf 88' lang='lat' dir='ltr'>recensione</span> <span class='ocrx_word' id='word_1_56' title='bbox 1057 2086 1224 2140; x_wconf 81' lang='lat' dir='ltr'>Pisistratou</span> <span class='ocrx_word' id='word_1_57' title='bbox 1241 2106 1267 2157; x_wconf 90' lang='lat' dir='ltr'>p.</span> <span class='ocrx_word' id='word_1_58' title='bbox 1285 2094 1396 2143; x_wconf 88' lang='lat'>10-11.</span> 
     </span>
     <span class='ocr_line' id='line_1_10' title="bbox 385 2175 1397 2249; baseline -0.001 -17"><span class='ocrx_word' id='word_1_59' title='bbox 385 2179 505 2234; x_wconf 89' lang='lat' dir='ltr'>Plurane</span> <span class='ocrx_word' id='word_1_60' title='bbox 528 2179 609 2235; x_wconf 90' lang='lat' dir='ltr'>nobis</span> <span class='ocrx_word' id='word_1_61' title='bbox 633 2179 755 2249; x_wconf 85' lang='lat' dir='ltr'>legerint</span> <span class='ocrx_word' id='word_1_62' title='bbox 777 2181 884 2233; x_wconf 87' lang='lat' dir='ltr'>veteres</span> <span class='ocrx_word' id='word_1_63' title='bbox 909 2176 1059 2247; x_wconf 86' lang='lat' dir='ltr'>scriptores</span> <span class='ocrx_word' id='word_1_64' title='bbox 1081 2195 1107 2246; x_wconf 94' lang='lat' dir='ltr'>p.</span> <span class='ocrx_word' id='word_1_65' title='bbox 1128 2182 1168 2231; x_wconf 82' lang='lat'>12.</span> <span class='ocrx_word' id='word_1_66' title='bbox 1205 2175 1247 2229; x_wconf 90' lang='lat' dir='ltr'>De</span> <span class='ocrx_word' id='word_1_67' title='bbox 1266 2176 1397 2245; x_wconf 86' lang='lat' dir='ltr'>carmine,</span> 
     </span>
     <span class='ocr_line' id='line_1_11' title="bbox 384 2267 959 2338; baseline -0.005 -15"><span class='ocrx_word' id='word_1_68' title='bbox 384 2269 460 2338; x_wconf 85' lang='lat' dir='ltr'>quod</span> <span class='ocrx_word' id='word_1_69' title='bbox 479 2269 584 2324; x_wconf 91' lang='lat' dir='ltr'>dicitur</span> <span class='ocrx_word' id='word_1_70' title='bbox 596 2267 687 2338; x_wconf 77' lang='grc' dir='ltr'><strong><em>Ἔργα</em></strong></span> <span class='ocrx_word' id='word_1_71' title='bbox 707 2267 813 2338; x_wconf 76' lang='grc' dir='ltr'><em>μεγάλα</em></span> <span class='ocrx_word' id='word_1_72' title='bbox 831 2287 859 2338; x_wconf 89' lang='lat' dir='ltr'>p.</span> <span class='ocrx_word' id='word_1_73' title='bbox 875 2274 908 2321; x_wconf 78' lang='lat'>12</span> <span class='ocrx_word' id='word_1_74' title='bbox 919 2284 959 2336; x_wconf 90' lang='lat' dir='ltr'>sq.</span> 
     </span>
    </p>

    <p class='ocr_par' dir='ltr' id='par_1_7' title="bbox 342 2357 909 2427">
     <span class='ocr_line' id='line_1_12' title="bbox 342 2357 909 2427; baseline -0.005 -14"><span class='ocrx_word' id='word_1_75' title='bbox 342 2366 367 2412; x_wconf 84' lang='lat'>4.</span> <span class='ocrx_word' id='word_1_76' title='bbox 388 2358 480 2427; x_wconf 91' lang='lat' dir='ltr'>Opera</span> <span class='ocrx_word' id='word_1_77' title='bbox 498 2358 596 2427; x_wconf 88' lang='lat' dir='ltr'>qualia</span> <span class='ocrx_word' id='word_1_78' title='bbox 614 2359 689 2412; x_wconf 90' lang='lat' dir='ltr'>lecta</span> <span class='ocrx_word' id='word_1_79' title='bbox 707 2357 765 2412; x_wconf 90' lang='lat' dir='ltr'>sint</span> <span class='ocrx_word' id='word_1_80' title='bbox 782 2376 809 2427; x_wconf 93' lang='lat' dir='ltr'>p.</span> <span class='ocrx_word' id='word_1_81' title='bbox 826 2363 858 2410; x_wconf 87' lang='lat'>13</span> <span class='ocrx_word' id='word_1_82' title='bbox 870 2375 909 2425; x_wconf 84' lang='lat' dir='ltr'>sq.</span> 
     </span>
    </p>

    <p class='ocr_par' dir='ltr' id='par_1_8' title="bbox 227 2445 1106 2514">
     <span class='ocr_line' id='line_1_13' title="bbox 227 2445 1106 2514; baseline -0.005 -14"><span class='ocrx_word' id='word_1_83' title='bbox 227 2445 316 2500; x_wconf 69' lang='lat' dir='ltr'>Garun</span> <span class='ocrx_word' id='word_1_84' title='bbox 334 2447 367 2500; x_wconf 91' lang='grc' dir='ltr'>Π.</span> <span class='ocrx_word' id='word_1_85' title='bbox 404 2446 445 2500; x_wconf 93' lang='grc' dir='ltr'>ΒΘ</span> <span class='ocrx_word' id='word_1_86' title='bbox 465 2447 578 2500; x_wconf 90' lang='lat' dir='ltr'>scholiis</span> <span class='ocrx_word' id='word_1_87' title='bbox 597 2446 634 2500; x_wconf 85' lang='lat' dir='ltr'>ad</span> <span class='ocrx_word' id='word_1_88' title='bbox 654 2446 746 2514; x_wconf 90' lang='lat' dir='ltr'>Opera</span> <span class='ocrx_word' id='word_1_89' title='bbox 765 2445 914 2514; x_wconf 88' lang='lat' dir='ltr'>adscriptis</span> <span class='ocrx_word' id='word_1_90' title='bbox 932 2463 959 2513; x_wconf 91' lang='lat' dir='ltr'>p.</span> <span class='ocrx_word' id='word_1_91' title='bbox 976 2448 1106 2497; x_wconf 82' lang='lat'>14-158.</span> 
     </span>
    </p>

    <p class='ocr_par' dir='ltr' id='par_1_9' title="bbox 344 2531 1400 2784">
     <span class='ocr_line' id='line_1_14' title="bbox 344 2531 1399 2604; baseline -0.002 -16"><span class='ocrx_word' id='word_1_92' title='bbox 344 2542 367 2589; x_wconf 92' lang='lat'>1.</span> <span class='ocrx_word' id='word_1_93' title='bbox 386 2535 428 2589; x_wconf 90' lang='grc' dir='ltr'>ΒΘ</span> <span class='ocrx_word' id='word_1_94' title='bbox 441 2535 534 2590; x_wconf 91' lang='lat' dir='ltr'>Procli</span> <span class='ocrx_word' id='word_1_95' title='bbox 553 2535 666 2589; x_wconf 87' lang='lat' dir='ltr'>scholiis</span> <span class='ocrx_word' id='word_1_96' title='bbox 684 2553 711 2604; x_wconf 91' lang='lat' dir='ltr'>p.</span> <span class='ocrx_word' id='word_1_97' title='bbox 723 2539 836 2587; x_wconf 87' lang='grc'>14-16.</span> <span class='ocrx_word' id='word_1_98' title='bbox 865 2533 907 2586; x_wconf 88' lang='grc' dir='ltr'>ΒΘ</span> <span class='ocrx_word' id='word_1_99' title='bbox 925 2532 1059 2602; x_wconf 88' lang='lat' dir='ltr'>ampliore</span> <span class='ocrx_word' id='word_1_100' title='bbox 1074 2531 1141 2586; x_wconf 91' lang='lat' dir='ltr'>olim</span> <span class='ocrx_word' id='word_1_101' title='bbox 1155 2531 1247 2586; x_wconf 91' lang='lat' dir='ltr'>Procli</span> <span class='ocrx_word' id='word_1_102' title='bbox 1261 2549 1399 2586; x_wconf 89' lang='lat' dir='ltr'>commen-</span> 
     </span>
     <span class='ocr_line' id='line_1_15' title="bbox 385 2619 1400 2693; baseline -0.001 -15"><span class='ocrx_word' id='word_1_103' title='bbox 385 2624 459 2679; x_wconf 87' lang='lat' dir='ltr'>tario</span> <span class='ocrx_word' id='word_1_104' title='bbox 482 2624 603 2679; x_wconf 89' lang='lat' dir='ltr'>testibus</span> <span class='ocrx_word' id='word_1_105' title='bbox 627 2624 742 2693; x_wconf 71' lang='lat' dir='ltr'>Paetus,</span> <span class='ocrx_word' id='word_1_106' title='bbox 766 2621 928 2677; x_wconf 91' lang='lat' dir='ltr'>auctoribus</span> <span class='ocrx_word' id='word_1_107' title='bbox 946 2619 1218 2691; x_wconf 82' lang='lat' dir='ltr'>Etymologicorum‚</span> <span class='ocrx_word' id='word_1_108' title='bbox 1241 2621 1400 2691; x_wconf 69' lang='lat' dir='ltr'>eustathio,</span> 
     </span>
     <span class='ocr_line' id='line_1_16' title="bbox 388 2713 1193 2784; baseline 0.007 -17"><span class='ocrx_word' id='word_1_109' title='bbox 388 2713 451 2768; x_wconf 78' lang='lat' dir='ltr'>aliis</span> <span class='ocrx_word' id='word_1_110' title='bbox 470 2733 497 2784; x_wconf 86' lang='lat' dir='ltr'>p.</span> <span class='ocrx_word' id='word_1_111' title='bbox 514 2719 627 2768; x_wconf 80' lang='lat' dir='ltr'>rc-aa.</span> <span class='ocrx_word' id='word_1_112' title='bbox 1191 2765 1193 2773; x_wconf 80' lang='grc'>,</span> 
     </span>
    </p>

    <p class='ocr_par' dir='ltr' id='par_1_10' title="bbox 345 2798 1510 3051">
     <span class='ocr_line' id='line_1_17' title="bbox 345 2798 1510 2877; baseline -0.005 -19"><span class='ocrx_word' id='word_1_113' title='bbox 345 2811 369 2858; x_wconf 82' lang='lat'>2.</span> <span class='ocrx_word' id='word_1_114' title='bbox 388 2803 430 2877; x_wconf 87' lang='grc' dir='ltr'>ΒΘ</span> <span class='ocrx_word' id='word_1_115' title='bbox 444 2802 536 2857; x_wconf 88' lang='lat' dir='ltr'>Procli</span> <span class='ocrx_word' id='word_1_116' title='bbox 554 2803 664 2857; x_wconf 88' lang='lat' dir='ltr'>ratione</span> <span class='ocrx_word' id='word_1_117' title='bbox 682 2800 888 2871; x_wconf 89' lang='lat' dir='ltr'>interpretandi</span> <span class='ocrx_word' id='word_1_118' title='bbox 907 2800 997 2868; x_wconf 88' lang='lat' dir='ltr'>deque</span> <span class='ocrx_word' id='word_1_119' title='bbox 1016 2798 1185 2853; x_wconf 89' lang='lat' dir='ltr'>scholiorum</span> <span class='ocrx_word' id='word_1_120' title='bbox 1203 2798 1273 2853; x_wconf 90' lang='lat' dir='ltr'>locis</span> <span class='ocrx_word' id='word_1_121' title='bbox 1293 2799 1328 2853; x_wconf 87' lang='lat' dir='ltr'>ab</span> <span class='ocrx_word' id='word_1_122' title='bbox 1345 2799 1400 2853; x_wconf 90' lang='lat' dir='ltr'>hac</span> <span class='ocrx_word' id='word_1_123' title='bbox 1503 2818 1510 2830; x_wconf 93' lang='lat'><strong>·</strong></span> 
     </span>
     <span class='ocr_line' id='line_1_18' title="bbox 387 2886 1400 2962; baseline -0.007 -15"><span class='ocrx_word' id='word_1_124' title='bbox 387 2893 496 2947; x_wconf 86' lang='lat' dir='ltr'>ratione</span> <span class='ocrx_word' id='word_1_125' title='bbox 516 2892 616 2947; x_wconf 88' lang='lat' dir='ltr'>alienis</span> <span class='ocrx_word' id='word_1_126' title='bbox 634 2911 661 2962; x_wconf 89' lang='lat' dir='ltr'>p.</span> <span class='ocrx_word' id='word_1_127' title='bbox 677 2896 791 2945; x_wconf 74' lang='lat'>22-25.</span> <span class='ocrx_word' id='word_1_128' title='bbox 819 2890 861 2944; x_wconf 90' lang='lat' dir='ltr'>De</span> <span class='ocrx_word' id='word_1_129' title='bbox 874 2889 985 2944; x_wconf 87' lang='lat' dir='ltr'>Veteris</span> <span class='ocrx_word' id='word_1_130' title='bbox 1004 2887 1168 2957; x_wconf 87' lang='lat' dir='ltr'>Interpretis</span> <span class='ocrx_word' id='word_1_131' title='bbox 1187 2886 1297 2942; x_wconf 88' lang='lat' dir='ltr'>ratione</span> <span class='ocrx_word' id='word_1_132' title='bbox 1314 2887 1400 2942; x_wconf 89' lang='lat' dir='ltr'>inter-</span> 
     </span>
     <span class='ocr_line' id='line_1_19' title="bbox 386 2981 692 3051; baseline -0.003 -15"><span class='ocrx_word' id='word_1_133' title='bbox 386 2981 518 3051; x_wconf 91' lang='lat' dir='ltr'>pretandi</span> <span class='ocrx_word' id='word_1_134' title='bbox 536 3000 563 3051; x_wconf 91' lang='lat' dir='ltr'>p.</span> <span class='ocrx_word' id='word_1_135' title='bbox 579 2986 692 3035; x_wconf 79' lang='lat'>26-29.</span> 
     </span>
    </p>

    <p class='ocr_par' dir='ltr' id='par_1_11' title="bbox 346 3063 1400 3231">
     <span class='ocr_line' id='line_1_20' title="bbox 346 3063 1400 3141; baseline -0.007 -16"><span class='ocrx_word' id='word_1_136' title='bbox 346 3078 369 3126; x_wconf 87' lang='lat'>3.</span> <span class='ocrx_word' id='word_1_137' title='bbox 390 3072 431 3126; x_wconf 88' lang='lat' dir='ltr'>De</span> <span class='ocrx_word' id='word_1_138' title='bbox 463 3071 598 3141; x_wconf 88' lang='lat' dir='ltr'>ampliore</span> <span class='ocrx_word' id='word_1_139' title='bbox 626 3069 693 3125; x_wconf 91' lang='lat' dir='ltr'>olim</span> <span class='ocrx_word' id='word_1_140' title='bbox 719 3068 831 3124; x_wconf 88' lang='lat' dir='ltr'>Veteris</span> <span class='ocrx_word' id='word_1_141' title='bbox 858 3066 1022 3138; x_wconf 87' lang='lat' dir='ltr'>Interpretis</span> <span class='ocrx_word' id='word_1_142' title='bbox 1051 3063 1252 3120; x_wconf 86' lang='lat' dir='ltr'>commentario</span> <span class='ocrx_word' id='word_1_143' title='bbox 1280 3064 1400 3119; x_wconf 87' lang='lat' dir='ltr'>testibus</span> 
     </span>
     <span class='ocr_line' id='line_1_21' title="bbox 388 3156 1270 3231; baseline -0.005 -16"><span class='ocrx_word' id='word_1_144' title='bbox 388 3161 498 3231; x_wconf 76' lang='lat' dir='ltr'>Tactus,</span> <span class='ocrx_word' id='word_1_145' title='bbox 518 3159 681 3215; x_wconf 90' lang='lat' dir='ltr'>auctoribus</span> <span class='ocrx_word' id='word_1_146' title='bbox 700 3157 967 3228; x_wconf 82' lang='lat' dir='ltr'>Etymologicorum‚</span> <span class='ocrx_word' id='word_1_147' title='bbox 987 3156 1095 3210; x_wconf 89' lang='lat' dir='ltr'>Zonara</span> <span class='ocrx_word' id='word_1_148' title='bbox 1113 3173 1140 3224; x_wconf 96' lang='lat' dir='ltr'>p.</span> <span class='ocrx_word' id='word_1_149' title='bbox 1156 3159 1270 3211; x_wconf 78' lang='lat'>30—37.</span> 
     </span>
    </p>

    <p class='ocr_par' dir='ltr' id='par_1_12' title="bbox 345 3242 1401 3496">
     <span class='ocr_line' id='line_1_22' title="bbox 345 3242 1401 3316; baseline -0.007 -13"><span class='ocrx_word' id='word_1_150' title='bbox 345 3256 370 3305; x_wconf 83' lang='lat'>4.</span> <span class='ocrx_word' id='word_1_151' title='bbox 389 3251 430 3305; x_wconf 88' lang='grc' dir='ltr'>ΒΘ</span> <span class='ocrx_word' id='word_1_152' title='bbox 455 3249 569 3305; x_wconf 88' lang='lat' dir='ltr'>scholiis</span> <span class='ocrx_word' id='word_1_153' title='bbox 593 3266 627 3304; x_wconf 91' lang='lat' dir='ltr'>ex</span> <span class='ocrx_word' id='word_1_154' title='bbox 645 3249 737 3304; x_wconf 87' lang='lat' dir='ltr'>Procli</span> <span class='ocrx_word' id='word_1_155' title='bbox 762 3251 791 3303; x_wconf 93' lang='lat' dir='ltr'>et</span> <span class='ocrx_word' id='word_1_156' title='bbox 808 3247 918 3302; x_wconf 89' lang='lat' dir='ltr'>Veteris</span> <span class='ocrx_word' id='word_1_157' title='bbox 941 3245 1104 3316; x_wconf 90' lang='lat' dir='ltr'>interpretis</span> <span class='ocrx_word' id='word_1_158' title='bbox 1128 3242 1335 3297; x_wconf 87' lang='lat' dir='ltr'>commentariis</span> <span class='ocrx_word' id='word_1_159' title='bbox 1355 3260 1401 3298; x_wconf 90' lang='lat' dir='ltr'>ex-</span> 
     </span>
     <span class='ocr_line' id='line_1_23' title="bbox 388 3331 1401 3408; baseline -0.007 -15"><span class='ocrx_word' id='word_1_160' title='bbox 388 3339 500 3408; x_wconf 89' lang='lat' dir='ltr'>scriptis</span> <span class='ocrx_word' id='word_1_161' title='bbox 519 3342 604 3408; x_wconf 85' lang='lat' dir='ltr'>atque</span> <span class='ocrx_word' id='word_1_162' title='bbox 622 3339 667 3392; x_wconf 88' lang='lat' dir='ltr'>his</span> <span class='ocrx_word' id='word_1_163' title='bbox 685 3338 754 3408; x_wconf 88' lang='lat' dir='ltr'>ipsis</span> <span class='ocrx_word' id='word_1_164' title='bbox 773 3335 887 3391; x_wconf 88' lang='lat' dir='ltr'>scholiis</span> <span class='ocrx_word' id='word_1_165' title='bbox 907 3336 1049 3404; x_wconf 62' lang='lat' dir='ltr'>adactas,</span> <span class='ocrx_word' id='word_1_166' title='bbox 1067 3331 1279 3402; x_wconf 68' lang='lat' dir='ltr'>Etymologicis</span> <span class='ocrx_word' id='word_1_167' title='bbox 1299 3331 1401 3386; x_wconf 82' lang='lat' dir='ltr'>Eusta-</span> 
     </span>
     <span class='ocr_line' id='line_1_24' title="bbox 388 3419 1400 3496; baseline -0.005 -16"><span class='ocrx_word' id='word_1_168' title='bbox 388 3426 458 3496; x_wconf 78' lang='lat' dir='ltr'>thio,</span> <span class='ocrx_word' id='word_1_169' title='bbox 473 3427 537 3481; x_wconf 91' lang='lat' dir='ltr'>aliis</span> <span class='ocrx_word' id='word_1_170' title='bbox 551 3427 581 3481; x_wconf 90' lang='lat' dir='ltr'>in</span> <span class='ocrx_word' id='word_1_171' title='bbox 596 3444 677 3480; x_wconf 93' lang='lat' dir='ltr'>usum</span> <span class='ocrx_word' id='word_1_172' title='bbox 691 3427 798 3481; x_wconf 91' lang='lat' dir='ltr'>vocatis</span> <span class='ocrx_word' id='word_1_173' title='bbox 809 3444 836 3495; x_wconf 94' lang='lat' dir='ltr'>p.</span> <span class='ocrx_word' id='word_1_174' title='bbox 845 3431 959 3479; x_wconf 80' lang='lat'>38—42.</span> <span class='ocrx_word' id='word_1_175' title='bbox 987 3424 1029 3479; x_wconf 90' lang='lat' dir='ltr'>De</span> <span class='ocrx_word' id='word_1_176' title='bbox 1039 3422 1133 3477; x_wconf 90' lang='lat' dir='ltr'>indole</span> <span class='ocrx_word' id='word_1_177' title='bbox 1144 3419 1314 3475; x_wconf 90' lang='lat' dir='ltr'>scholiorum</span> <span class='ocrx_word' id='word_1_178' title='bbox 1322 3437 1348 3488; x_wconf 90' lang='lat' dir='ltr'>p.</span> <span class='ocrx_word' id='word_1_179' title='bbox 1358 3425 1400 3475; x_wconf 84' lang='lat'>43.</span> 
     </span>
    </p>

    <p class='ocr_par' dir='ltr' id='par_1_13' title="bbox 343 3508 1401 3851">
     <span class='ocr_line' id='line_1_25' title="bbox 343 3508 1401 3583; baseline -0.008 -13"><span class='ocrx_word' id='word_1_180' title='bbox 343 3521 368 3570; x_wconf 80' lang='lat'>5.</span> <span class='ocrx_word' id='word_1_181' title='bbox 387 3516 517 3570; x_wconf 81' lang='lat' dir='ltr'>Tzetzam</span> <span class='ocrx_word' id='word_1_182' title='bbox 546 3518 575 3569; x_wconf 93' lang='lat' dir='ltr'>et</span> <span class='ocrx_word' id='word_1_183' title='bbox 602 3514 817 3583; x_wconf 88' lang='lat' dir='ltr'>Moschopulum</span> <span class='ocrx_word' id='word_1_184' title='bbox 845 3512 939 3567; x_wconf 90' lang='lat' dir='ltr'>omnia</span> <span class='ocrx_word' id='word_1_185' title='bbox 967 3530 1017 3566; x_wconf 88' lang='lat' dir='ltr'>sua</span> <span class='ocrx_word' id='word_1_186' title='bbox 1039 3510 1195 3565; x_wconf 89' lang='lat' dir='ltr'>Proclianis</span> <span class='ocrx_word' id='word_1_187' title='bbox 1224 3512 1274 3563; x_wconf 89' lang='lat' dir='ltr'>aut</span> <span class='ocrx_word' id='word_1_188' title='bbox 1300 3508 1401 3563; x_wconf 85' lang='lat' dir='ltr'>veteris</span> 
     </span>
     <span class='ocr_line' id='line_1_26' title="bbox 388 3597 1401 3673; baseline -0.006 -16"><span class='ocrx_word' id='word_1_189' title='bbox 388 3603 550 3673; x_wconf 88' lang='lat' dir='ltr'>interpretis</span> <span class='ocrx_word' id='word_1_190' title='bbox 578 3602 692 3657; x_wconf 89' lang='lat' dir='ltr'>scholiis</span> <span class='ocrx_word' id='word_1_191' title='bbox 720 3601 822 3656; x_wconf 88' lang='lat' dir='ltr'>debere</span> <span class='ocrx_word' id='word_1_192' title='bbox 845 3619 873 3670; x_wconf 91' lang='lat' dir='ltr'>p.</span> <span class='ocrx_word' id='word_1_193' title='bbox 893 3605 1008 3655; x_wconf 79' lang='lat'>44-48.</span> <span class='ocrx_word' id='word_1_194' title='bbox 1046 3598 1153 3664; x_wconf 74' lang='lat' dir='ltr'>Quibus</span> <span class='ocrx_word' id='word_1_195' title='bbox 1180 3597 1267 3668; x_wconf 83' lang='lat' dir='ltr'>signis</span> <span class='ocrx_word' id='word_1_196' title='bbox 1291 3598 1401 3652; x_wconf 90' lang='lat' dir='ltr'>eluceat</span> 
     </span>
     <span class='ocr_line' id='line_1_27' title="bbox 389 3686 1401 3760; baseline -0.005 -14"><span class='ocrx_word' id='word_1_197' title='bbox 389 3692 488 3746; x_wconf 89' lang='lat' dir='ltr'>similis</span> <span class='ocrx_word' id='word_1_198' title='bbox 507 3710 574 3745; x_wconf 89' lang='lat' dir='ltr'>usus</span> <span class='ocrx_word' id='word_1_199' title='bbox 592 3691 622 3744; x_wconf 91' lang='lat' dir='ltr'>in</span> <span class='ocrx_word' id='word_1_200' title='bbox 641 3689 857 3760; x_wconf 75' lang='lat' dir='ltr'>Etymologicis‚</span> <span class='ocrx_word' id='word_1_201' title='bbox 876 3687 1020 3743; x_wconf 81' lang='lat' dir='ltr'>Eustathii</span> <span class='ocrx_word' id='word_1_202' title='bbox 1040 3686 1257 3755; x_wconf 82' lang='lat' dir='ltr'>commentariis,</span> <span class='ocrx_word' id='word_1_203' title='bbox 1277 3686 1401 3741; x_wconf 89' lang='lat' dir='ltr'>Zonarae</span> 
     </span>
     <span class='ocr_line' id='line_1_28' title="bbox 389 3781 625 3851; baseline 0 -16"><span class='ocrx_word' id='word_1_204' title='bbox 389 3781 479 3836; x_wconf 85' lang='lat' dir='ltr'>lexico</span> <span class='ocrx_word' id='word_1_205' title='bbox 498 3800 525 3851; x_wconf 91' lang='lat' dir='ltr'>p.</span> <span class='ocrx_word' id='word_1_206' title='bbox 540 3787 574 3835; x_wconf 84' lang='grc'>49</span> <span class='ocrx_word' id='word_1_207' title='bbox 585 3798 625 3849; x_wconf 85' lang='lat' dir='ltr'>sq.</span> 
     </span>
    </p>

    <p class='ocr_par' dir='ltr' id='par_1_14' title="bbox 346 3867 1291 3935">
     <span class='ocr_line' id='line_1_29' title="bbox 346 3867 1291 3935; baseline -0.006 -10"><span class='ocrx_word' id='word_1_208' title='bbox 346 3878 369 3925; x_wconf 83' lang='lat'>6.</span> <span class='ocrx_word' id='word_1_209' title='bbox 389 3869 505 3924; x_wconf 91' lang='lat' dir='ltr'>Procli</span> <span class='ocrx_word' id='word_1_210' title='bbox 524 3869 632 3923; x_wconf 88' lang='lat' dir='ltr'>scholia</span> <span class='ocrx_word' id='word_1_211' title='bbox 651 3870 686 3923; x_wconf 91' lang='lat' dir='ltr'>ab</span> <span class='ocrx_word' id='word_1_212' title='bbox 707 3867 807 3922; x_wconf 88' lang='lat' dir='ltr'>alienis</span> <span class='ocrx_word' id='word_1_213' title='bbox 826 3867 967 3921; x_wconf 88' lang='lat' dir='ltr'>disiuncta</span> <span class='ocrx_word' id='word_1_214' title='bbox 985 3869 1015 3921; x_wconf 93' lang='lat' dir='ltr'>et</span> <span class='ocrx_word' id='word_1_215' title='bbox 1033 3868 1118 3920; x_wconf 86' lang='lat' dir='ltr'>aucta</span> <span class='ocrx_word' id='word_1_216' title='bbox 1135 3885 1162 3935; x_wconf 91' lang='lat' dir='ltr'>p.</span> <span class='ocrx_word' id='word_1_217' title='bbox 1178 3871 1291 3920; x_wconf 82' lang='lat'>50—76.</span> 
     </span>
    </p>

    <p class='ocr_par' dir='ltr' id='par_1_15' title="bbox 348 3954 1401 4116">
     <span class='ocr_line' id='line_1_30' title="bbox 348 3954 1401 4027; baseline -0.006 -13"><span class='ocrx_word' id='word_1_218' title='bbox 348 3966 371 4015; x_wconf 87' lang='grc'>7.</span> <span class='ocrx_word' id='word_1_219' title='bbox 390 3959 524 4014; x_wconf 91' lang='lat' dir='ltr'>Veteris</span> <span class='ocrx_word' id='word_1_220' title='bbox 547 3956 754 4027; x_wconf 87' lang='lat' dir='ltr'>interpretis</span> <span class='ocrx_word' id='word_1_221' title='bbox 778 3954 885 4010; x_wconf 87' lang='lat' dir='ltr'>scholia</span> <span class='ocrx_word' id='word_1_222' title='bbox 908 3955 944 4010; x_wconf 91' lang='lat' dir='ltr'>ab</span> <span class='ocrx_word' id='word_1_223' title='bbox 969 3954 1069 4009; x_wconf 88' lang='lat' dir='ltr'>alienis</span> <span class='ocrx_word' id='word_1_224' title='bbox 1093 3954 1235 4009; x_wconf 88' lang='lat' dir='ltr'>disiuncta</span> <span class='ocrx_word' id='word_1_225' title='bbox 1258 3958 1287 4009; x_wconf 91' lang='lat' dir='ltr'>et</span> <span class='ocrx_word' id='word_1_226' title='bbox 1304 3954 1401 4009; x_wconf 92' lang='lat' dir='ltr'>multis</span> 
     </span>
     <span class='ocr_line' id='line_1_31' title="bbox 390 4047 846 4116; baseline -0.009 -14"><span class='ocrx_word' id='word_1_227' title='bbox 390 4065 424 4102; x_wconf 89' lang='lat' dir='ltr'>ex</span> <span class='ocrx_word' id='word_1_228' title='bbox 441 4047 568 4102; x_wconf 87' lang='lat' dir='ltr'>fontibus</span> <span class='ocrx_word' id='word_1_229' title='bbox 587 4049 672 4100; x_wconf 87' lang='lat' dir='ltr'>aucta</span> <span class='ocrx_word' id='word_1_230' title='bbox 689 4065 716 4116; x_wconf 93' lang='lat' dir='ltr'>p.</span> <span class='ocrx_word' id='word_1_231' title='bbox 733 4051 846 4098; x_wconf 76' lang='lat'>76—95.</span> 
     </span>
    </p>

    <p class='ocr_par' dir='ltr' id='par_1_16' title="bbox 346 4133 1403 4560">
     <span class='ocr_line' id='line_1_32' title="bbox 346 4133 1402 4205; baseline -0.007 -13"><span class='ocrx_word' id='word_1_232' title='bbox 346 4145 371 4194; x_wconf 86' lang='lat'>8.</span> <span class='ocrx_word' id='word_1_233' title='bbox 390 4135 534 4205; x_wconf 82' lang='lat' dir='ltr'>Exemplis</span> <span class='ocrx_word' id='word_1_234' title='bbox 549 4135 709 4190; x_wconf 86' lang='lat' dir='ltr'>ostenditur</span> <span class='ocrx_word' id='word_1_235' title='bbox 721 4133 815 4188; x_wconf 92' lang='lat' dir='ltr'>Procli</span> <span class='ocrx_word' id='word_1_236' title='bbox 828 4134 902 4188; x_wconf 86' lang='lat' dir='ltr'>ratio</span> <span class='ocrx_word' id='word_1_237' title='bbox 916 4133 1123 4203; x_wconf 88' lang='lat' dir='ltr'>interpretandi</span> <span class='ocrx_word' id='word_1_238' title='bbox 1136 4151 1163 4202; x_wconf 92' lang='lat' dir='ltr'>p.</span> <span class='ocrx_word' id='word_1_239' title='bbox 1175 4138 1209 4186; x_wconf 82' lang='grc'>95</span> <span class='ocrx_word' id='word_1_240' title='bbox 1219 4151 1260 4201; x_wconf 88' lang='lat' dir='ltr'>sq.</span> <span class='ocrx_word' id='word_1_241' title='bbox 1284 4133 1402 4187; x_wconf 86' lang='lat' dir='ltr'>Fontem</span> 
     </span>
     <span class='ocr_line' id='line_1_33' title="bbox 389 4219 1402 4292; baseline -0.006 -13"><span class='ocrx_word' id='word_1_242' title='bbox 389 4225 568 4279; x_wconf 90' lang='lat' dir='ltr'>Proclianum</span> <span class='ocrx_word' id='word_1_243' title='bbox 593 4224 624 4278; x_wconf 90' lang='lat' dir='ltr'>in</span> <span class='ocrx_word' id='word_1_244' title='bbox 647 4224 731 4278; x_wconf 87' lang='lat' dir='ltr'>rebus</span> <span class='ocrx_word' id='word_1_245' title='bbox 753 4222 956 4292; x_wconf 91' lang='lat' dir='ltr'>philosophicis</span> <span class='ocrx_word' id='word_1_246' title='bbox 979 4222 1126 4276; x_wconf 89' lang='lat' dir='ltr'>Platonem</span> <span class='ocrx_word' id='word_1_247' title='bbox 1149 4219 1236 4275; x_wconf 88' lang='lat' dir='ltr'>fuisse</span> <span class='ocrx_word' id='word_1_248' title='bbox 1259 4240 1286 4291; x_wconf 92' lang='lat' dir='ltr'>p.</span> <span class='ocrx_word' id='word_1_249' title='bbox 1303 4227 1335 4274; x_wconf 85' lang='grc'>97</span> <span class='ocrx_word' id='word_1_250' title='bbox 1348 4239 1402 4289; x_wconf 89' lang='lat' dir='ltr'>sq.;</span> 
     </span>
     <span class='ocr_line' id='line_1_34' title="bbox 389 4308 1402 4379; baseline -0.003 -13"><span class='ocrx_word' id='word_1_251' title='bbox 389 4312 420 4366; x_wconf 90' lang='lat' dir='ltr'>in</span> <span class='ocrx_word' id='word_1_252' title='bbox 443 4312 572 4368; x_wconf 89' lang='lat' dir='ltr'>omnibus</span> <span class='ocrx_word' id='word_1_253' title='bbox 596 4311 660 4366; x_wconf 91' lang='lat' dir='ltr'>aliis</span> <span class='ocrx_word' id='word_1_254' title='bbox 678 4311 922 4366; x_wconf 90' lang='lat' dir='ltr'>Plutarcheum</span> <span class='ocrx_word' id='word_1_255' title='bbox 946 4310 1178 4365; x_wconf 77' lang='lat' dir='ltr'>commentarium</span> <span class='ocrx_word' id='word_1_256' title='bbox 1195 4329 1221 4379; x_wconf 92' lang='lat' dir='ltr'>p.</span> <span class='ocrx_word' id='word_1_257' title='bbox 1238 4316 1279 4364; x_wconf 81' lang='lat'>99.</span> <span class='ocrx_word' id='word_1_258' title='bbox 1318 4308 1402 4363; x_wconf 82' lang='lat' dir='ltr'>Cuius</span> 
     </span>
     <span class='ocr_line' id='line_1_35' title="bbox 388 4398 1403 4473; baseline -0.004 -18"><span class='ocrx_word' id='word_1_259' title='bbox 388 4403 548 4473; x_wconf 85' lang='lat' dir='ltr'>fragmenta</span> <span class='ocrx_word' id='word_1_260' title='bbox 576 4400 671 4455; x_wconf 88' lang='lat' dir='ltr'>omnia</span> <span class='ocrx_word' id='word_1_261' title='bbox 698 4399 870 4471; x_wconf 82' lang='lat' dir='ltr'>colliguntur</span> <span class='ocrx_word' id='word_1_262' title='bbox 896 4418 923 4469; x_wconf 91' lang='lat' dir='ltr'>p.</span> <span class='ocrx_word' id='word_1_263' title='bbox 945 4404 1093 4454; x_wconf 82' lang='lat' dir='ltr'>loo-107.</span> <span class='ocrx_word' id='word_1_264' title='bbox 1135 4398 1311 4453; x_wconf 88' lang='lat' dir='ltr'>Describitur</span> <span class='ocrx_word' id='word_1_265' title='bbox 1337 4399 1403 4452; x_wconf 94' lang='lat' dir='ltr'>Plu-</span> 
     </span>
     <span class='ocr_line' id='line_1_36' title="bbox 391 4488 1008 4560; baseline -0.003 -15"><span class='ocrx_word' id='word_1_266' title='bbox 391 4489 484 4545; x_wconf 88' lang='lat' dir='ltr'>tarchi</span> <span class='ocrx_word' id='word_1_267' title='bbox 501 4488 707 4560; x_wconf 86' lang='lat' dir='ltr'>interpretandi</span> <span class='ocrx_word' id='word_1_268' title='bbox 725 4488 798 4543; x_wconf 86' lang='lat' dir='ltr'>ratio</span> <span class='ocrx_word' id='word_1_269' title='bbox 815 4507 843 4559; x_wconf 92' lang='lat' dir='ltr'>p.</span> <span class='ocrx_word' id='word_1_270' title='bbox 861 4494 1008 4543; x_wconf 81' lang='lat'>108-111.</span> 
     </span>
    </p>
   </div>
   <div class='ocr_carea' id='block_1_4' title="bbox 0 0 1704 5178">
    <p class='ocr_par' dir='ltr' id='par_1_17' title="bbox 0 0 1704 5178">
     <span class='ocr_line' id='line_1_37' title="bbox 0 0 1704 5178; baseline 0 0"><span class='ocrx_word' id='word_1_271' title='bbox 0 0 1704 5178; x_wconf 95' lang='lat' dir='ltr'> </span> 
     </span>
    </p>
   </div>
  </div>
 </body>
</html>
