3342 5168
672 355 785 411 Scholia
802 355 902 410 Procli.
1329 355 1370 419 51

202 519 344 583 nominis
376 517 511 582 Hesiodi
542 521 708 581 tractetur.
758 517 872 582 Proclo
904 517 987 581 hanc
1019 517 1061 581 ob
1093 539 1221 581 causam
1253 520 1285 580 et
1317 517 1373 581 ills

203 624 396 689 tribuamus.
434 622 521 699 Quae
543 623 617 708 inde
640 646 659 688 a
681 625 779 689 verbo
803 623 914 689 ίστέον
933 621 976 709 (p.
995 623 1027 709 4,
1045 620 1080 710 8)
1099 622 1257 708 usquead
1276 621 1374 707 γένος

205 732 359 796 Ησιόδου
390 730 558 816 legimtur,
589 735 674 795 certe
707 735 782 796 sunt
814 731 931 796 veteris
959 728 1160 815 interpretis,
1190 751 1266 792 nam
1294 733 1326 793 et
1354 753 1373 795 ο

203 836 439 922 prolegomenis
463 837 641 901 Tuetzienis
667 837 858 923 longissime
885 837 1073 923 abhorrent,
1100 840 1133 900 et
1160 835 1301 900 alienum
1324 839 1373 900 est

204 947 429 1028 argumentum
457 965 475 1007 e
498 942 626 1028 Proclo,
655 945 710 1028 qui
735 944 769 1008 id
791 946 860 1029 ipse
884 967 903 1008 a
925 966 960 1008 se
980 943 1163 1028 neglectum
1186 964 1254 1007 esse
1277 942 1371 1006 initio

202 1050 366 1115 confessus
391 1050 442 1115 sit.

292 1155 412 1220 Totum
425 1154 522 1238 γένος
531 1154 691 1223 Ἡσιόδου
705 1157 836 1222 Tzetzae
851 1178 918 1222 esse
932 1156 1138 1221 menifestum
1151 1158 1209 1240 est,
1228 1155 1372 1238 quamvis

202 1284 336 1348 magnae
367 1261 428 1327 hac
460 1262 498 1327 de
530 1286 564 1328 re
596 1263 716 1328 fuerint
747 1264 833 1328 inter
865 1264 951 1328 viros
984 1263 1094 1328 doctos
1130 1262 1372 1327 controversiae.

202 1368 336 1432 Etenim
367 1372 443 1451 post
470 1365 713 1456 Lobeckium1),
744 1366 996 1456 Welckerum2),
1028 1365 1236 1455 Prellerum3)
1268 1372 1373 1433 totam

202 1475 303 1539 vitam
326 1473 479 1539 oProclo
503 1474 696 1538 abiudicavit
718 1475 842 1558 primus
865 1471 1054 1561 Ronkius4),
1076 1477 1146 1538 tum
1164 1472 1315 1562 Rosius⁶)
1340 1480 1376 1539 et'

79 1575 109 1609 ·’
201 1578 403 1668 Bergkius.⁶)
454 1579 516 1655 Qui
548 1586 656 1645 temen
683 1584 869 1646 erraverunt
896 1581 931 1644 in
958 1602 1009 1665 eo,
1041 1579 1128 1663 quod
1153 1581 1290 1645 nimium
1317 1582 1373 1645 tri·

202 1686 338 1752 buerent
359 1687 412 1752 his
431 1686 608 1751 Tzetzienis
630 1687 737 1751 verbis
758 1683 951 1775 (p.10sq.):
975 1683 1074 1771 δμδν
1097 1688 1201 1769 σοφὸς
1220 1690 1373 1772 Πρόκλος

204 1792 460 1878 ἐπεξηγούμενος
482 1793 544 1876 την
565 1803 739 1879 παροῦσαν
762 1797 924 1879 βίβλον..
941 1804 1073 1877 ,πρῶτα
1093 1791 1235 1878 μὲνγὰρ
1255 1793 1372 1878 ἐχρῆν

203 1902 403 1986 διαίρεσιν
442 1900 565 1984 φοίναι
598 1911 674 1965 τῶν
705 1911 879 1984 ποιητῶν
910 1898 974 1964 καὶ
1005 1902 1093 1964 τίνα
1124 1900 1276 1965 τούτων
1307 1925 1371 1983 χα-

201 2009 496 2093 ρακτηρίσματα
523 2004 578 2071 καὶ
605 2010 693 2084 τίνες
719 2008 848 2072 τούτων
873 2007 908 2071 ol
933 2010 1136 2092 περιβοητοί·
1174 2008 1307 2070 ἔπειτα
1329 2008 1371 2072 τὸ

202 2111 315 2195 γένος
339 2115 469 2178 είπείν
492 2124 561 2179 τοῦ
582 2111 846 2199 προκειμένου
869 2114 965 2199 πρὸς
988 2112 1058 2194 τὴν
1086 2110 1287 2195 ἐξήγησιν,
1316 2111 1372 2178 καὶ

201 2217 268 2284 τίνι
287 2222 475 2304 συνηκμασε
492 2218 548 2285 καὶ
566 2222 670 2296 πόσας
688 2223 826 2305 βίβλους
845 2216 1074 2302 ἐξεπονήσατο,
1091 2227 1158 2283 ποῦ
1171 2242 1206 2283 τε
1219 2217 1274 2283 καὶ
1287 2221 1371 2307 ποίῳ

201 2328 312 2416 τρόπῳ
340 2328 400 2391 τὸν
422 2329 498 2412 βίον
520 2324 711 2392 κατέλυσεν·
745 2320 815 2391 εἶτα
838 2326 899 2408 την
922 2328 1040 2410 βίβλον
1062 2326 1184 2390 τούτου
1206 2347 1372 2412 προχειρι-

202 2432 355 2519 σάμενον,
378 2444 534 2518 πρῶτον
556 2428 626 2516 μέν
649 2431 819 2516 ἀκριβῶς
841 2434 909 2497 τὸν
931 2431 1051 2497 αὐτοῦ
1070 2431 1193 2515 φάναι
1212 2434 1371 2513 σκοπόν·

202 2538 372 2622 μετέπειτα
400 2535 437 2604 δέ
464 2536 519 2603 καὶ
546 2540 603 2614 τδις
630 2539 774 2622 μυθικὰς
802 2539 948 2623 ἱστορίας
975 2540 1023 2614 είς
1049 2538 1186 2621 πλάτος,
1219 2533 1288 2602 εἶτα
1316 2536 1371 2603 καὶ

201 2646 323 2722 ταύτας
341 2644 576 2728 ἀλληνορησαι,
596 2641 651 2708 καὶ
670 2642 772 2730 μέτρα
790 2643 845 2708 καὶ
863 2646 903 2708 τὰ
927 2645 1026 2710 λοιπδ
1044 2655 1112 2709 τῶν
1130 2643 1371 2727 ἀναγκαίων...

202 2750 220 2816 δ
244 2747 285 2814 δέ
308 2746 426 2816 οὐδέν
448 2750 598 2815 τούτων
620 2750 855 2834 πεποιηκώς,
878 2749 1177 2835 δπροδιηνήτοις
1199 2748 1263 2815 καὶ
1287 2749 1371 2815 ἀκε-

202 2857 334 2941 φοίλονς
355 2854 411 2921 καὶ
435 2856 543 2940 ὥσπερ
567 2854 600 2934 ἐξ
625 2854 804 2942 ἐπιδρομῆς
826 2855 880 2922 καὶ
905 2857 1046 2941 ἐφόδου,
1071 2856 1127 2922 καὶ
1149 2857 1269 2939 ταύτης
1292 2873 1372 2938 συγ-

202 2961 393 3048 κεχυμένης,
416 2963 616 3048 προσβάλλει
639 2965 722 3049 πρὸς
744 2964 806 3046 τὴν
825 2964 998 3029 ὑπόθεσιν.
1036 2961 1246 3027 Concluditur
1264 2967 1372 3027 autem

158 3094 161 3097 ·
200 3068 274 3132 inde
300 3067 362 3133 hoc
389 3071 531 3154 tentum,
559 3067 735 3132 Tzetzam
761 3090 828 3132 non
855 3067 973 3154 legisse
997 3069 1098 3134 vitam
1121 3091 1140 3133 e
1161 3068 1276 3133 Proclo
1299 3090 1372 3134 con·

201 3174 362 3260 scriptam,
382 3174 468 3259 quod
486 3196 558 3238 cum
576 3173 642 3238 iem
658 3195 726 3239 non
738 3174 924 3260 ignoremus
938 3196 1012 3238 eum
1024 3195 1091 3239 non
1104 3175 1250 3261 integros
1264 3174 1371 3241 Procli

201 3281 456 3367 commentarios,
482 3279 538 3345 sed
559 3284 688 3346 tantum
711 3281 908 3346 scholiorum
926 3281 1129 3346 collectiones
1147 3281 1309 3368 habuisse,
1332 3281 1371 3345 cd

201 3388 308 3472 ipsum
339 3386 489 3452 Proclum
522 3386 605 3451 nihil
638 3389 762 3452 attinet.
814 3384 936 3452 Contra
967 3387 1105 3452 alterum
1138 3392 1370 3474 argumentum,

202 3494 287 3578 quod
321 3493 383 3557 viri
416 3493 502 3558 docti
534 3494 625 3578 quasi
658 3494 873 3578 supplementi
905 3516 1001 3559 cause
1033 3498 1065 3559 et
1096 3494 1162 3558 fere
1190 3494 1370 3559 diffidentes

201 3603 388 3684 posuerunt,
406 3600 632 3684 gravissimum
650 3600 730 3665 milri
749 3600 887 3665 videtur:
906 3601 1007 3665 vitam
1027 3622 1107 3685 quse
1125 3601 1247 3666 feretur
1264 3599 1370 3665 Procli

202 3705 400 3770 simillimam
427 3707 457 3770 ei
484 3729 565 3793 esse,
596 3729 693 3791 quam
720 3707 867 3772 Tzetzem
895 3707 1123 3791 conscripsisse
1150 3710 1278 3770 constat
1304 3728 1370 3770 non

201 3812 307 3899 modo,
331 3813 417 3897 quod
438 3834 556 3878 nomen
578 3814 647 3878 eius
670 3815 754 3879 inest
772 3815 805 3878 in
825 3813 988 3878 codicibus
1006 3812 1163 3878 Vaticano
1184 3816 1219 3875 et
1235 3810 1370 3896 Veneto,

290 4029 304 4076 1
335 4022 520 4093 Aglaophem.
539 4024 553 4077 I
569 4024 596 4093 ρ,
612 4029 663 4078 326
674 4041 714 4093 sq.

289 4116 315 4182 2)
333 4112 390 4166 Der
409 4111 521 4181 epische
540 4111 640 4181 chlus
658 4112 685 4166 1²
702 4131 729 4181 p.
745 4117 831 4179 3sqq.

289 4204 315 4270 3)
334 4200 501 4270 Allgemein
520 4200 645 4255 Hellens.
665 4199 810 4269 Litterztg.
831 4204 899 4254 1837
918 4218 945 4269 p.
962 4205 1012 4253 112
1023 4218 1083 4269 sqq.

307 4026 316 4092 l

288 4292 318 4358 4)
335 4288 377 4343 De
395 4288 512 4343 Hesiodi
531 4288 612 4358 Opes.
632 4291 661 4343 st
678 4288 758 4343 Dieb.
779 4289 977 4348 commentatio
998 4296 1067 4344 1840
1084 4308 1111 4360 p.
1127 4295 1213 4357 lsqq.

289 4381 316 4448 ὁ)
335 4377 479 4432 Aristotel.
497 4376 692 4448 pseudoepigr.
711 4395 738 4447 p.
753 4383 805 4432 508
816 4395 875 4447 sqq.

289 4469 316 4536 6)
334 4465 487 4536 Littgssch.
506 4467 594 4522 1918.
613 4466 690 4524 Poet.
710 4467 761 4536 lyr.
781 4484 871 4537 graec.
891 4467 918 4522 1⁴
934 4487 961 4538 p.
977 4473 1029 4522 479
1048 4467 1144 4522 adnot.
1163 4466 1212 4537 (Π4
1226 4466 1296 4538 341).

1104 4602 1106 4605 .
1120 4557 1157 4608 4*
