3342 5168
292 354 335 420 26
519 354 560 409 Βε
579 354 689 409 Veteris
707 354 871 426 interpretis
889 354 999 409 ratione
1017 354 1230 425 interpretandi.

291 542 319 583 v.
346 518 410 583 182
439 515 483 605 (p.
509 515 597 604 146).
641 516 709 582 Ista
739 518 847 584 omnia
878 518 988 583 tribuo
1015 516 1127 582 Veteri
1160 516 1392 604 Grammatico,
1423 517 1462 582 de

292 647 356 710 quo
384 647 470 690 nunc
500 647 572 689 sum
594 623 751 710 dicturus,
779 625 932 708 quoniam
956 625 1116 709 quomodo
1139 625 1261 689 factum
1284 624 1341 711 sit,
1363 628 1400 688 ut
1423 624 1463 689 ad

291 731 442 796 Proolum
473 731 724 797 transferrentur
745 733 864 816 multa,
892 754 973 816 quae
1000 732 1055 796 ille
1082 731 1314 814 adnotavisset‚
1342 731 1462 815 optime

291 838 356 902 iam
378 837 531 906 indicavit
549 836 712 903 Usenerus
735 836 808 926 (1.1.
827 862 857 923 p.
877 836 958 926 595)
977 838 1102 922 eritque
1120 837 1201 902 mihi
1219 859 1347 922 quoque
1364 838 1460 921 paulo

289 949 365 1027 post
387 944 584 1011 redeundum
607 945 647 1009 ad
668 944 751 1009 hauc
773 944 1002 1028 quaestionem.

373 1050 502 1116 Veteris
515 1051 604 1115 illius
617 1050 814 1136 interpretis,
827 1052 883 1134 qui
896 1051 932 1115 in
944 1051 1040 1115 rebus
1055 1051 1274 1136 grammaticis
1288 1052 1460 1118 maximam

289 1161 414 1241 partem
437 1161 584 1223 versatus
607 1161 666 1243 est,
687 1178 806 1221 nomen
828 1179 893 1221 non
917 1161 965 1222 est
983 1157 1146 1222 traditum.
1183 1155 1340 1222 Nostrum
1359 1159 1460 1246 igitur

290 1264 351 1329 erit
384 1264 424 1328 ab
458 1263 619 1329 oblivione
650 1262 792 1328 hominis
823 1264 1012 1328 memoriam
1043 1263 1212 1329 vindicare.
1261 1263 1330 1341 Qua
1360 1265 1396 1330 in
1426 1288 1461 1329 re

290 1370 474 1435 cautissime
501 1373 551 1434 est
578 1369 861 1456 progrediendum,
888 1391 961 1435 cum
987 1391 1028 1434 ne
1055 1391 1092 1434 ea
1120 1370 1263 1456 quidem,
1290 1391 1372 1454 quae
1400 1371 1459 1436 sub

290 1477 398 1554 ἄλλως
425 1480 567 1561 exstant,
594 1476 720 1561 integra
748 1498 873 1561 semper
900 1476 948 1540 illi
975 1476 1070 1540 liceat
1097 1476 1281 1542 attribuere.
1326 1475 1460 1542 Initium

289 1583 391 1668 igitur
418 1582 491 1648 inde
518 1582 686 1667 faciamus,
714 1586 751 1647 ut
779 1605 860 1667 quae
888 1586 920 1647 et
948 1582 1053 1667 qualis
1080 1582 1179 1648 fuerit
1206 1584 1274 1648 eius
1302 1584 1338 1648 in
1364 1584 1461 1649 inter-

289 1688 446 1773 pretando
470 1690 563 1775 ratio,
585 1690 683 1772 paulo
707 1689 886 1754 accuratius
910 1689 1107 1755 definiamus.

378 1794 416 1860 In
443 1796 523 1880 ipsis
551 1796 788 1881 prolegomenis
815 1796 871 1860 ille
898 1795 995 1860 aliam
1022 1795 1108 1861 viam
1136 1799 1234 1880 atque
1256 1795 1388 1862 Proclus
1415 1798 1460 1862 in-

290 1922 419 1988 gressus
447 1906 495 1967 est
523 1901 568 1990 (p.
591 1900 642 1990 4):
675 1904 755 1986 μετὰ
787 1902 848 1985 τὴν
880 1901 1027 1988 ἡρωϊκὴν
1058 1907 1274 1986 γενεαλογίαν
1300 1902 1356 1968 καὶ
1383 1908 1460 1982 τοὺς

289 2012 494 2092 καταλόγους
531 2009 704 2094 ἐπεζήτησε
734 2019 975 2095 καινουγρησαι
1006 2009 1107 2074 πόλιν
1139 2007 1255 2094 ἑτέραν
1286 2010 1460 2077 ὑπόθεσιν.

289 2112 343 2180 καὶ
373 2115 413 2198 δὴ
441 2114 740 2201 καταχρησθέντων
767 2127 835 2181 τῶν
865 2119 912 2193 είς
934 2114 1100 2200 πολέμους
1121 2114 1176 2181 καὶ
1199 2116 1304 2200 μάχας
1325 2116 1380 2182 καλ
1403 2127 1461 2202 τῆς

290 2225 451 2306 γεωργίας
483 2223 692 2287 διδασκάλων
725 2221 871 2308 είσφέρει
903 2221 958 2287 καὶ
990 2234 1058 2287 τῶν
1085 2221 1217 2308 ἡμερῶν
1244 2222 1305 2306 τὴν
1331 2233 1460 2309 κρᾶσιν,

290 2331 500 2414 πρόσωπον
522 2329 749 2405 ἀναπλάσας
770 2327 825 2394 καὶ
848 2330 1050 2415 παραλαβὼν
1068 2338 1128 2394 τοῦ
1146 2328 1295 2414 ἀδελφοῦ
1314 2328 1460 2416 Πέρσου,

291 2441 369 2500 είτε
396 2433 475 2500 κατ’
504 2434 711 2519 ἀληθειαν,
739 2442 816 2502 εἴτε
842 2437 1001 2501 κατὰτὸ
1026 2435 1284 2519 εὐπρόσωπον
1306 2435 1371 2502 καὶ
1394 2437 1460 2524 ἁρ-

290 2545 411 2626 μόζον
438 2550 481 2627 τῇ
510 2541 715 2626 ὑποθέσει,
749 2543 804 2607 ἵνα
832 2543 894 2608 δύο
924 2545 1098 2629 πρόσωπα,
1125 2540 1180 2607 καὶ
1210 2543 1275 2607 ἵνα
1305 2543 1397 2628 ὃόξη
1427 2543 1459 2622 ἐξ

291 2649 400 2733 ἔριδος
430 2658 488 2731 τῆς
518 2650 601 2713 κατὰ
629 2651 688 2715 τὸν
715 2648 863 2733 ἀδελφὸν
891 2651 938 2726 είς
964 2659 1062 2715 τοῦτο
1092 2647 1299 2733 ἐληλυθέναι.
1345 2647 1399 2726 Ὡς
1422 2646 1460 2714 δὲ

291 2755 427 2838 ποιητὴς
449 2756 507 2832 τὰς
531 2757 672 2832 Μούσας
694 2761 801 2839 καλεῖ,
824 2757 880 2820 ἵνα
904 2754 984 2840 δόξη
1014 2805 1458 2820 ...............

290 2860 395 2948 Ergo,
422 2885 486 2946 qua
513 2862 552 2926 de
579 2885 613 2927 re
641 2883 681 2927 ne
708 2883 802 2946 posse
830 2861 958 2945 quidem
985 2862 1126 2927 dubitari
1154 2884 1308 2946 umquam
1333 2860 1460 2926 videtur

289 2965 403 3032 Proelo
432 2968 467 3031 in
493 2972 634 3033 mentem
661 2968 801 3054 venisse,
831 2968 870 3031 de
897 2991 934 3033 ea
955 2967 1059 3034 Vetus
1087 2969 1142 3033 ille
1169 2969 1216 3033 ita
1238 2969 1395 3053 disputat,
1422 2971 1459 3032 ut

290 3073 421 3138 finxisse
441 3073 620 3139 Hesiodum
643 3074 753 3139 fratris
776 3097 946 3158 personam
968 3097 1035 3139 uon
1058 3076 1099 3140 ab
1123 3075 1210 3140 omni
1234 3076 1329 3141 initio
1347 3076 1459 3139 reiciat

292 3180 493 3245 sententiam.
520 3179 596 3245 Non
614 3180 717 3265 probo
737 3181 882 3265 equidem
900 3182 983 3246 hanc
1002 3183 1207 3247 sententiam:
1227 3181 1323 3246 laudo
1342 3186 1460 3268 tamen,

291 3286 377 3369 quod
413 3287 564 3370 opinione
595 3308 662 3352 non
692 3288 909 3372 praeiudicata
941 3290 981 3353 ad
1011 3311 1080 3353 rem
1111 3289 1167 3352 ille
1198 3292 1248 3352 est
1280 3308 1458 3373 aggressus.

291 3391 369 3457 Mox
392 3393 500 3479 pergit
523 3394 750 3477 grammaticus
774 3392 818 3481 (p.
837 3392 927 3482 39*):
960 3394 1166 3480 σφέτερον·
1189 3397 1460 3479 καταπεφρόνηκε

290 3511 358 3564 τῶν
394 3499 626 3584 ίιντωνυμιῶν,
663 3499 692 3585 β’
726 3503 788 3586 γὰρ
824 3504 1003 3585 πρόσωπόν
1040 3501 1137 3566 ἐστιν.
1183 3500 1250 3565 ἔδει
1288 3498 1317 3565 δ’
1354 3502 1459 3566 εἰπεῖν

290 3604 465 3690 ὑμέτερον,
496 3601 568 3673 ἀλλ’
604 3604 677 3672 ἀντὶ
709 3606 867 3692 δευτέρου
898 3611 997 3696 τρίτῳ
1031 3606 1200 3692 ἐχρήσατο.
1249 3606 1295 3671 Et
1327 3605 1458 3671 omnino

290 3712 393 3777 multa
420 3716 496 3777 sunt
524 3712 557 3777 id
583 3735 685 3800 genus
711 3715 928 3800 grammatica.
975 3712 1129 3778 Conferas
1156 3713 1197 3778 ad
1224 3736 1252 3778 v.
1278 3713 1320 3776 10
1343 3709 1387 3799 (p.
1406 3712 1460 3797 42,

289 3822 355 3884 not.
379 3816 440 3906 m):
468 3822 525 3901 σύ,
552 3816 578 3885 ὦ
604 3824 684 3903 Ζεῦ,
712 3820 730 3887 ό
759 3822 841 3886 ἰδὼν
869 3823 942 3885 τότε
965 3821 1023 3896 τὰς
1045 3821 1204 3904 τιμωρίας
1226 3827 1286 3884 τοῦ
1310 3818 1459 3902 ἀδελφοῦ

290 3948 355 4009 μου
379 3924 515 4011 Πέρσου
537 3923 593 3991 καὶ
616 3929 673 4004 τὰς
696 3926 835 4008 ἀδικίας,
858 3926 979 4012 ἀρτίως
1001 3925 1133 3992 ἀκούων
1156 3925 1237 4010 ἐμοῦ
1261 3923 1458 3991 ἐπάκουσον·

289 4029 344 4096 καὶ
367 4043 437 4108 πῶς
459 4035 495 4099 τὸ
521 4034 603 4099 cccv
626 4031 694 4099 ἐστὶ
719 4033 877 4118 δευτέρου
901 4032 1058 4117 ἀορίστου
1080 4042 1255 4117 μετοχικοῦ
1277 4028 1333 4096 καὶ
1360 4052 1459 4111 παρε-

290 4141 475 4221 ληλυθότος
497 4150 627 4223 καιροῦ,
649 4141 686 4205 τὸ
710 4136 747 4204 ct
770 4138 902 4204 ἀκούων
926 4137 1015 4204 ἐστὶν
1037 4139 1226 4217 ἐνεστῶτος;
1249 4139 1286 4203 τὸ
1305 4143 1401 4202 θεῖον
1419 4137 1459 4201 τὰ

291 4242 452 4309 ἐνεστῶτα
474 4244 529 4310 καὶ
551 4247 591 4311 τὰ
615 4248 776 4330 μέλλοντα
800 4243 874 4310 ἀντὶ
896 4249 1179 4330 παρεληλυθότων
1202 4248 1268 4330 ἔχει
1286 4241 1341 4309 καὶ
1359 4243 1404 4320 ὡς
1423 4241 1459 4308 ἐν

290 4359 328 4435 τῇ
349 4348 477 4416 Ἰλιόθι·
505 4353 550 4430 ὡς
573 4352 636 4435 ἤδη
660 4353 699 4416 τοί
721 4348 750 4416 τ’
777 4352 936 4436 ἐσσόμενα
958 4358 1025 4418 κτλ.
1066 4351 1128 4417 Vel
1151 4351 1191 4417 ad
1213 4375 1241 4417 v.
1261 4350 1304 4418 58
1324 4349 1368 4438 (Ρ
1388 4347 1459 4436 82);

291 4454 356 4521 ἑὸν
374 4460 517 4522 κακόν·
555 4456 701 4523 ἐνταῦθα
729 4459 766 4523 τὸ
795 4456 851 4525 ἑὸν
879 4458 939 4544 οὐχ
967 4459 1069 4541 ὑγιῶς
1096 4471 1213 4524 κείται·
1251 4460 1373 4542 ὤφειλε
1395 4457 1458 4542 γὰρ
