3390 5178
321 328 389 395 204
572 329 614 383 De
633 329 755 399 Operum
773 330 898 384 versibus
917 330 953 384 ab
973 331 1097 399 antiquis
1115 330 1250 386 laudatis.

321 493 437 558 theton
464 489 517 579 (cf.
546 515 561 557 ε
587 490 679 580 125),
712 491 793 557 illud
825 491 1074 580 tritissimuml).
1126 492 1189 560 Sed
1219 495 1329 580 potius
1362 516 1430 559 rem
1463 496 1497 560 in

320 600 425 664 medio
449 599 639 684 relinquam,
662 622 735 664 cum
757 603 897 683 nequeat
919 602 1051 685 probari
1070 625 1089 666 a
1108 600 1252 666 Cornuto
1271 624 1306 666 re
1324 624 1400 666 vera
1417 600 1497 667 haec

319 706 463 790 inspecto
487 705 649 771 Hesiodeo
677 706 852 791 exemplari
879 728 948 772 esse
976 708 1115 773 laudata.
1140 747 1182 754 -
1205 708 1311 773 Versu
1334 708 1399 799 302
1426 708 1496 773 illu·

319 816 443 882 stratur
470 812 505 877 in
533 812 665 879 scholiis
688 813 870 879 Homericis
898 815 1077 881 minoribus
1104 815 1283 880 6111736
1307 812 1353 902 (V
1371 813 1496 903 42411)

319 918 550 1006 συμφέρεσθαι
579 921 726 1006 verbum,
756 920 812 985 ubi
839 922 998 1005 particula
1025 920 1077 988 col
1105 944 1182 988 casu
1209 925 1258 987 est
1287 922 1412 987 omissa.
1458 920 1497 988 16

318 1026 494 1091 Platonicis
517 1026 648 1093 scholiis
667 1028 707 1092 ad
725 1026 827 1112 Leges
846 1028 876 1092 Χ
894 1053 924 1112 p.
940 1027 1041 1113 9016,
1059 1051 1128 1113 666
1147 1029 1218 1094 1666
1236 1028 1330 1094 Plato
1349 1029 1496 1094 homines

318 1133 437 1198 inertes
470 1154 543 1198 cum
574 1142 699 1218 κηφῆσι
731 1138 896 1219 comparat
928 1139 1042 1219 poetae
1074 1135 1181 1200 verbis
1213 1158 1307 1201 suum
1334 1136 1374 1200 ad
1401 1158 1496 1201 usum

319 1240 567 1305 accommodatis
595 1241 655 1326 ita,
685 1245 721 1304 ut
749 1241 788 1305 de
816 1242 898 1306 eius
926 1241 1120 1307 lectionibus
1148 1242 1231 1307 nihil
1259 1243 1322 1308 dici
1348 1240 1496 1330 possiti),

318 1347 401 1412 hanc
429 1348 621 1412 sententiam
650 1347 822 1432 explicavit
851 1348 1026 1413 scholiasta
1053 1371 1131 1413 usus
1159 1372 1187 1414 v.
1213 1349 1278 1414 302
1305 1353 1337 1415 61
1365 1371 1496 1434 sequen-

318 1454 407 1519 tibus
444 1459 606 1540 quattuor.
661 1453 713 1519 Ab
750 1459 888 1539 utroque
923 1477 998 1520 vero
1030 1459 1113 1521 teste
1144 1478 1204 1522 nec
1234 1479 1300 1522 666
1332 1455 1496 1521 codicibus

318 1558 486 1626 Hesiodeis
527 1562 647 1627 vetitus
688 1562 814 1627 studuit
852 1560 1000 1627 Sittelius
1041 1563 1077 1627 in
1114 1567 1270 1647 apparatu
1306 1563 1418 1629 critico
1456 1562 1497 1627 ad

319 1689 346 1731 v.
374 1690 433 1751 pro
465 1668 585 1733 tradito
614 1670 786 1755 σύμφορος
813 1669 1021 1753 comprobare
1049 1673 1203 1756 συμφόρη
1231 1670 1327 1734 nixus
1356 1666 1496 1735 0116616-

318 1775 408 1840 16661
435 1775 476 1839 61
502 1798 531 1839 v.
555 1774 679 1839 scholio
707 1798 737 1859 p.
757 1775 837 1862 203,
860 1776 916 1841 26:
949 1779 1043 1861 λιμός
1070 1781 1227 1859 θηλυκῶς
1254 1774 1382 1859 λέγεται
1407 1777 1496 1862 παρὰ

318 1893 387 1959 τοῖς
413 1887 597 1968 Δωριεῦσι,
633 1881 684 1946 cll.
712 1882 821 1966 Etym.
853 1903 971 1968 magno
1003 1906 1033 1966 p.
1058 1881 1134 1969 566,
1162 1882 1204 1947 10
1232 1880 1313 1970 (non
1339 1882 1414 1967 513,
1439 1880 1496 1968 10)

318 1992 351 2053 61
373 1987 492 2072 Hymn.
521 1989 557 2054 in
580 1987 683 2054 Oercr.
704 1989 777 2055 311.
824 1988 894 2065 066
924 1990 962 2054 16
991 2011 1026 2054 16
1055 1989 1209 2054 iudicium
1241 1990 1323 2055 ferre
1351 2011 1417 2054 666
1446 1992 1496 2054 661

318 2117 426 2160 meum
457 2095 519 2160 hoc
550 2097 636 2181 loc03
667 2095 701 2160 id
734 2096 839 2160 obiter
871 2099 991 2160 annoto
1022 2097 1062 2161 61
1090 2097 1254 2163 Sittelium
1281 2095 1497 2180 refutandum,

318 2200 404 2285 apud
431 2199 690 2268 Ohocroboscum
718 2203 817 2266 16116
843 2203 913 2267 fieri
942 2203 980 2267 de
1007 2202 1151 2290 Derieis,
1178 2226 1245 2269 666
1272 2204 1310 2267 16
1332 2201 1495 2267 Η6616166

318 2311 419 2373 textu.
465 2308 510 2373 Et
541 2309 628 2374 aliud
660 2331 787 2393 quoque
815 2309 1132 2375 animadvertendum
1161 2314 1218 2374 est.
1264 2310 1432 2394 σύμφοροι
1461 2309 1495 2372 16

317 2414 498 2481 Homericis
517 2416 712 2482 carminibus
730 2438 797 2481 non
815 2416 984 2503 reperitur,
1006 2421 1057 2481 ter
1075 2418 1110 2481 in
1128 2417 1310 2482 Hesiodcis:
1332 2414 1395 2478 hoc
1413 2415 1496 2501 loco,

317 2524 353 2590 in
376 2545 469 2588 versu
495 2524 558 2590 783
583 2522 636 2612 (οε
660 2524 869 2610 ἀσύμφορος,
897 2523 985 2607 quod
1006 2546 1119 2589 versus
1141 2546 1208 2588 666
1230 2522 1362 2606 recipit,
1384 2520 1428 2586 D:
1453 2521 1495 2587 οὐ

318 2630 503 2717 σύμφορος;
532 2631 571 2696 cf.
595 2630 711 2695 Rzach.
736 2628 845 2713 Symb.
868 2629 954 2715 Prag
975 2653 1006 2714 p.
1028 2629 1116 2717 182),
1139 2630 1327 2716 Theogonis
1347 2629 1413 2693 573
1438 2627 1495 2717 (οὐ

317 2734 509 2824 σύμφοροι).
541 2736 610 2802 lam
628 2738 732 2821 primo
751 2736 846 2802 credo
865 2741 898 2801 et
916 2737 1094 2802 novissimo
1108 2737 1180 2802 loco
1194 2737 1340 2802 munitur
1354 2735 1495 2820 medius;

315 2842 392 2908 huic
415 2844 443 2908 si
466 2843 563 2909 addas
587 2844 673 2928 apud
691 2843 868 2909 Hesiodum
892 2843 953 2922 ξύν
972 2865 1032 2927 616
1052 2845 1116 2910 σύν
1133 2865 1200 2908 666
1213 2843 1357 2914 ,inveniri
1374 2841 1439 2907 nisi
1458 2842 1494 2906 in

317 2949 468 3035 ξύμπασα
491 2955 524 3015 61
543 2950 701 3033 ξυνιέναι,
724 2953 790 3014 6161
812 2950 908 3015 lectio
932 2949 1050 3015 codicis
1069 2949 1100 3015 D
1123 2950 1158 3015 in
1180 2973 1273 3015 versu
1293 2949 1368 3037 783,
1389 2970 1494 3033 neque

316 3057 526 3122 coniectando
550 3061 600 3121 est
624 3079 713 3141 opus.
746 3055 825 3121 1616
843 3061 951 3121 661616
970 3057 1162 3122 revertimur
1181 3057 1221 3122 61
1239 3079 1375 3141 versum,
1398 3077 1496 3140 quem

317 3166 501 3228 tractamus.
556 3160 641 3227 Nam
676 3163 835 3245 probatur
867 3186 896 3226 v.
922 3163 986 3227 783
1024 3165 1196 3250 σύμφορος
1228 3163 1376 3229 adiectivi
1398 3160 1496 3249 Japud

317 3268 496 3333 Hesiodum
519 3290 621 3354 genus
640 3269 854 3333 masculinum
872 3272 904 3334 et
922 3269 1113 3334 femininum
1131 3270 1241 3336 eodem
1259 3271 1369 3335 cadere
1387 3269 1495 3334 modo.

317 3374 431 3459 ltaque
455 3377 626 3462 σύμφορος
649 3375 683 3440 16
704 3375 767 3441 hoc
789 3398 885 3440 versu
909 3375 1121 3459 scribendum,
1145 3376 1301 3460 quidquid
1319 3376 1358 3440 de
1377 3396 1496 3461 genere

317 3482 466 3546 vocabuli
489 3485 584 3567 λιμός
606 3483 738 3569 cogitas.

407 3585 587 3654 Scholiasta
613 3589 781 3655 Platonico
805 3587 894 3678 (1.1.)
922 3590 1024 3654 libros
1052 3587 1231 3654 Hesiodeos
1259 3589 1390 3654 iuvante
1420 3588 1496 3654 Sto-

316 3696 415 3760 baeus
443 3696 478 3760 in
500 3719 528 3760 v.
548 3697 627 3783 303,
656 3719 752 3781 quem
775 3719 848 3761 cum
871 3696 1080 3780 sequentibus
1103 3695 1228 3760 duobus
1252 3696 1363 3760 laudat
1385 3695 1421 3759 in
1445 3717 1497 3759 ca-

316 3784 384 3887 pite
414 3801 490 3887 περὶ
523 3803 640 3889 ἀργίας
666 3802 798 3867 ΧΧΧ5
827 3802 871 3890 (p.
891 3799 1014 3887 664Η)
1041 3802 1142 3866 tradit
1170 3802 1292 3867 variam
1318 3803 1496 3867 lectionem

317 3910 415 3986 ὅστις.
463 3908 584 3974 066116
611 3910 646 3975 16
672 3931 767 3974 16166
791 3908 857 3974 304
883 3909 918 3972 16
941 3908 1043 3972 vicem
1066 3907 1211 3972 recedere
1233 3908 1362 3973 videtur
1384 3907 1497 3972 Plato·

315 4018 407 4082 nicus
436 4016 609 4081 scholiasta
636 4039 655 4080 6
682 4016 815 4100 vulgata
835 4014 987 4097 lectione,
1016 4013 1072 4097 qui
1096 4013 1380 4099 6111161ὀργήν.
1429 4012 1498 4078 Sed

352 4254 356 4264 Ι
407 4284 433 4350 1)
451 4279 524 4333 Vide
541 4278 648 4348 passim
666 4279 696 4332 in
714 4279 818 4347 hymno
837 4278 874 4332 ad
893 4277 1027 4333 Cererem.

406 4371 433 4437 2)
452 4368 492 4421 Eo
506 4366 599 4420 minus
614 4367 648 4421 de
662 4365 784 4421 Eusebio
797 4382 892 4437 praep.
908 4383 1006 4436 evang.
1022 4366 1073 4419 XII
1087 4371 1120 4419 52
1138 4383 1165 4434 p.
1181 4370 1259 4418 6316
1274 4363 1497 4435 (1115411161),

316 4455 366 4525 qui
384 4454 511 4510 Platonis
532 4454 621 4509 verba
639 4452 796 4523 exscripsit.
