3342 5168
309 343 351 407 36
480 343 522 398 De
541 342 676 413 ampliore
695 343 762 398 olim
780 343 890 397 Veteris
909 344 1075 414 interpretis
1094 345 1302 401 commentario.

308 507 365 573 διὰ
391 516 451 573 τοῦ
476 507 643 593 ῑγριίφει·
676 504 764 588 λέγει
792 507 872 591 γάρ,
901 507 1009 593 ὥσπερ
1038 507 1101 573 ἀπὸ
1129 517 1189 574 τοῦ
1212 508 1268 594 όρι
1293 506 1479 583 ἐπιτατικοῦ

308 615 434 695 γίνεται
457 613 673 698 ἀριδείκετος,
701 613 787 678 οὕτω
810 615 870 679 τὸν
893 612 995 679 αὑτὸν
1021 616 1147 700 τρόπον
1174 612 1229 679 καὶ
1254 614 1318 680 ἀπὸ
1340 623 1402 680 τοῦ
1424 613 1480 697 ἀρι

307 721 432 801 γίνεται
465 720 647 806 ἀριφόντης
676 716 731 783 καὶ
758 725 954 807 πλεονασμῷ
981 729 1042 785 τοῦ
1069 743 1090 802 ν
1118 719 1329 805 ιἰργιφόντης.
1375 716 1480 807 (addit

307 825 406 889 sodex
433 823 642 912 Vossianusz)
680 825 801 910 ὁμοίως
831 823 887 890 καί
919 827 956 890 τὸ
988 825 1220 912 ἀνδροφόντης
1251 825 1480 912 ἀνδρεφόντης

305 928 361 996 καὶ
384 931 638 1018 ἄνδρειφόντης·
667 930 687 1015 ἢ
707 930 742 996 ἐκ
760 940 821 996 τοῦ
839 930 992 1017 ἀνδρεῖος
1010 931 1261 1017 ἀνδρειφόντης.
1298 934 1391 1015 ζήτει.
1427 930 1479 997 Ad

304 1037 383 1102 haee
405 1038 558 1103 aooedunt
582 1037 690 1103 omnia
712 1037 782 1124 illa,
810 1059 892 1122 quae
914 1035 1143 1124 Eustathius1)
1166 1037 1311 1124 exhibet,
1334 1060 1478 1123 quaeque

305 1165 377 1209 oum
404 1166 443 1208 ex
470 1148 561 1228 parte
588 1144 698 1208 eadem
726 1144 791 1208 sint
819 1144 943 1209 fontem
966 1143 1100 1209 eundem
1122 1144 1223 1209 fuisse
1246 1144 1478 1231 demonstrant,

304 1272 343 1314 ex
375 1253 468 1334 parte
495 1272 571 1315 vero
599 1250 776 1334 pleniorem
805 1250 923 1314 veteris
949 1251 1151 1336 grammatici
1178 1251 1477 1335 interpretationem

304 1359 581 1422 conservaverunt.
628 1354 714 1431 Quae
747 1356 908 1422 sententia
934 1377 971 1421 eo
999 1357 1102 1442 magis
1132 1356 1312 1441 probabilis
1339 1356 1475 1442 videtur,

305 1484 369 1547 quo
392 1463 511 1528 certius
534 1466 661 1527 constat
684 1484 723 1527 ex
741 1460 923 1527 Homericis
947 1462 1079 1527 scholiis
1101 1484 1175 1528 eum
1196 1462 1281 1528 nihil
1298 1463 1364 1527 fere
1383 1464 1421 1527 de
1440 1485 1477 1527 ea

304 1570 502 1656 quaestione,
526 1592 607 1654 quae
630 1573 679 1634 est
701 1569 878 1654 proposita,
900 1567 1030 1633 haurire
1052 1569 1205 1653 potuisse.
1241 1567 1351 1634 Habet
1369 1572 1476 1634 autom

303 1674 358 1739 ille
382 1673 437 1762 (ad
460 1673 517 1740 Od.
541 1699 572 1761 p.
593 1675 693 1762 1522,
711 1673 783 1763 51):
811 1675 1037 1762 ἀλληγορικῖις
1059 1674 1186 1761 μέντοι,
1215 1677 1305 1765 λιίρφ
1330 1682 1475 1742 εἴκασται

303 1782 321 1848 ό
341 1781 471 1869 Ἑρμῆς,
494 1783 550 1848 troi
573 1807 608 1848 τε
630 1784 668 1848 τὸ
691 1784 811 1848 λευκὸν
833 1780 889 1847 καὶ
912 1782 958 1859 ὡς
980 1785 1086 1849 είπεῖν
1110 1779 1255 1870 ἐναργές,
1277 1780 1335 1866 ἀφ’
1362 1777 1403 1848 οὗ
1420 1781 1476 1848 καὶ

299 1886 534 1973 Ἀργειφόντης
546 1895 704 1972 καλεῖται,
721 1889 766 1965 ὡς
780 1891 889 1972 λόγος,
904 1887 1051 1975 ἐναργῶς
1065 1892 1197 1973 φαίνων
1216 1890 1255 1955 τὰ
1269 1890 1351 1954 κατὰ
1364 1890 1475 1974 ψυχὴν

301 1992 358 2058 καὶ
390 1996 477 2060 διότι
508 1992 547 2060 δὲ
574 1996 592 2062 ὁ
621 1996 721 2082 λάρος
747 1998 945 2081 παρηχεῖταί
968 2016 1037 2072 ποις
1063 2004 1109 2083 τῷ
1136 2000 1226 2083 λαρῷ
1253 1993 1402 2061 τουτέστι
1429 2004 1475 2083 τῷ

392 2227 418 2294 1)
436 2223 618 2278 Eustathium
636 2238 720 2292 saepe
738 2240 820 2277 usum
838 2238 900 2277 esse
919 2221 1033 2277 soholiis
1052 2221 1200 2277 Hesiodeis
1217 2226 1246 2278 et
1260 2241 1344 2295 supra
1363 2223 1474 2278 ostendi

302 2314 331 2367 et
357 2312 440 2382 plura
467 2312 595 2382 exempla
618 2314 701 2367 erunt
722 2311 808 2382 paulo
830 2314 896 2381 post
918 2310 1086 2382 colligenda.
1123 2312 1184 2366 Hoo
1206 2312 1269 2367 looo
1293 2330 1380 2367 unum
1402 2312 1474 2366 illud

301 2401 413 2471 addam,
432 2401 509 2470 quod
522 2402 661 2456 Usenerus
676 2418 786 2470 quoque
805 2399 953 2470 usurpavit
971 2400 1081 2470 (Rhein.
1096 2401 1167 2456 Mus.
1182 2401 1260 2455 XXII
1277 2420 1304 2472 p.
1325 2404 1396 2471 594).
1429 2402 1473 2456 Ad

300 2509 326 2545 v.
346 2497 397 2545 375
416 2490 521 2560 legitur
538 2490 569 2544 in
586 2489 733 2544 Hesiodeis
754 2489 867 2544 scholiis
886 2493 923 2560 (p.
944 2493 1018 2559 237):
1042 2487 1191 2559 σημαίνειν
1209 2488 1241 2544 δέ
1264 2492 1330 2554 τοὺς
1348 2490 1473 2561 φηλήτας

299 2581 365 2643 τοὺς
391 2581 585 2649 ἀφαιρεῖσθαί
608 2599 635 2633 τι
661 2580 710 2633 καὶ
738 2578 870 2648 ἐκφορεῖν
898 2574 1063 2647 ἐθέλοντας,
1095 2577 1174 2647 παρὰ
1200 2578 1232 2632 τὸ
1260 2579 1396 2649 ἀφαιρεῖν
1424 2579 1472 2634 καὶ

299 2670 414 2739 ὑφελεῖν
440 2676 491 2723 τοῦ
519 2664 656 2738 ὀνόματος
683 2669 779 2731 αὐτοῖς
804 2664 942 2730 ταθέντος.
979 2666 1041 2720 Ηοο
1064 2665 1203 2720 scholium
1226 2667 1406 2722 coniunctum
1429 2669 1473 2721 est

299 2775 363 2812 oum
380 2757 425 2812 his
443 2757 536 2812 verbis
554 2756 652 2828 petitis
671 2772 687 2810 e
704 2755 798 2810 Procli
817 2755 936 2828 scholio:
956 2763 1056 2810 τοῦτον
1075 2755 1255 2826 Πλούταρχος
1273 2755 1405 2827 χαράττει
1422 2757 1472 2812 τὸν

299 2844 405 2917 ατίχονε
428 2846 577 2901 immerito.
606 2846 694 2900 Miror
711 2845 866 2899 Usenerum
883 2844 913 2897 id
931 2843 1046 2913 fugisse.
1079 2843 1212 2899 Proolum
1229 2844 1389 2914 ipsumhoc
1407 2845 1470 2900 looo

298 2953 413 2990 oausam
431 2936 590 2990 atheteseos
609 2933 774 3004 apposuisse
793 2932 871 2987 dieas
891 2934 920 2986 et
937 2932 1058 2987 fortasse
1077 2932 1164 2988 otiam
1182 2950 1262 2987 suam
1275 2950 1371 2987 versus
1385 2933 1472 2988 inter·

298 3024 494 3094 pretationem,
512 3025 642 3078 neutram
660 3024 756 3077 tamen
774 3021 805 3074 in
823 3021 881 3074 illis
899 3020 992 3076 verbis
1010 3021 1102 3076 inesse
1118 3038 1201 3077 nemo
1215 3039 1272 3076 non
1285 3022 1371 3077 videt.
1401 3023 1472 3077 Sunt

297 3112 355 3166 ista
382 3112 476 3181 potius
504 3128 538 3165 ex
565 3127 642 3165 more
664 3110 768 3165 veteris
791 3108 977 3180 grammatici.
1014 3110 1052 3164 Et
1074 3112 1155 3180 patet
1178 3127 1193 3165 e
1216 3110 1375 3166 Taetzianis
1398 3110 1470 3164 illud

299 3199 436 3255 scholium
455 3216 515 3254 esse
534 3201 696 3269 excerptum
717 3198 875 3268 epleniore
892 3199 1103 3266 commentario.
1135 3199 1231 3254 Habet
1249 3199 1324 3253 enim
1342 3204 1378 3269 (p.
1395 3203 1469 3269 237):

299 3292 471 3360 φιλήτῃσι·
499 3286 638 3356 κλέπταις,
657 3287 877 3358 ὑφαιρουμένοις
894 3287 930 3342 τὰ
949 3285 1080 3357 ἀλλότρια
1099 3289 1148 3342 καλ
1165 3296 1235 3343 πᾶσι
1252 3296 1362 3352 κακοῖς·
1391 3287 1469 3357 παρὰ

297 3378 329 3432 τὸ
357 3381 449 3447 φιλεῖν
472 3376 522 3440 τὰς
545 3376 615 3441 ἄτας
637 3377 685 3432 καὶ
708 3376 757 3431 διὰ
779 3384 830 3432 τοὺ
853 3389 875 3431 ῐ·
905 3374 923 3445 ἢ
946 3376 1025 3445 παρὰ
1047 3377 1079 3431 τὸ
1103 3380 1203 3446 φηλεῖν
1229 3377 1260 3432 τὸ
1283 3378 1398 3432 ἀπατᾶν
1421 3375 1469 3431 διὰ
1577 3430 1580 3435 ,

297 3474 346 3521 τοῦ
365 3475 391 3536 ὴ.
429 3466 524 3534 Ipsum
546 3466 616 3520 haee
640 3466 792 3520 ostendunt
808 3466 917 3521 fontem
935 3465 953 3520 i.
973 3482 997 3520 e.
1020 3467 1118 3521 vetera
1137 3465 1253 3534 scholia,
1272 3467 1322 3520 sed
1340 3465 1470 3520 uberiora
1556 3499 1560 3506 ·

297 3572 383 3624 quam
401 3572 474 3608 nuno
493 3554 633 3624 leguntur.
663 3554 865 3624 Moschopulea
884 3555 919 3608 de
938 3554 1038 3609 eadem
1051 3571 1081 3609 re
1096 3557 1162 3608 sunt
1180 3555 1250 3608 haec
1269 3557 1305 3624 (p.
1321 3560 1373 3608 594
1392 3554 1469 3624 apud

296 3644 461 3712 Usenerum)
484 3643 658 3715 φιλήτῃσι·
687 3641 829 3706 κλέπταις
855 3641 1007 3713 Ἀρχίλοχος
1032 3642 1146 3714 ’φιλήτῃ
1170 3643 1278 3712 νέκταρ
1300 3644 1365 3711 περὶ
1386 3640 1469 3698 πόλιν
1520 3708 1522 3713 ¹

296 3728 468 3806 πολενμένφ’
497 3731 586 3802 ἥμονν
613 3729 716 3804 κλέπτῃ
739 3731 904 3804 νοκτιλόχφ·
936 3729 1016 3801 παρὰ
1043 3731 1075 3785 τὸ
1101 3732 1217 3801 ὑφελεῖν
1244 3731 1396 3801 ὑφειλήτης
1420 3732 1469 3786 καλ

296 3818 445 3889 ἀφαιρέσει
466 3829 516 3875 τοῦ
539 3831 557 3875 o
576 3822 625 3875 καλ
644 3821 790 3875 ἀπελεόαει
812 3828 862 3875 τοῦ
885 3828 966 3888 ετῆς
984 3817 1153 3890 ὑιφὺόγγον.
1199 3818 1278 3884 Quae
1297 3819 1334 3874 ad
1351 3820 1467 3874 verbum

296 3924 330 3961 ex
348 3909 447 3963 eodem
465 3909 544 3964 fonte
561 3909 620 3964 iam
638 3909 726 3964 habet
743 3908 911 3963 Eustathius
929 3907 977 3978 (ad
991 3907 1089 3977 Odyss.
1107 3926 1134 3978 p.
1151 3912 1228 3977 1889,
1245 3911 1284 3977 1):
1303 3909 1422 3978 φιλήιοο
1436 3907 1468 3962 δὲ

295 4006 344 4052 τοῦ
373 3995 520 4068 εἰρημένον
547 4006 643 4068 χρῆσις
670 3996 722 4068 μὲν
748 3996 827 4066 παρά
850 4015 880 4051 τε
900 3994 1020 4070 Ἡσιόδῳ
1042 3998 1091 4050 καὶ
1113 3995 1192 4065 παρὰ
1210 3994 1353 4070 Ἀρχιλόχῳ
1376 3992 1407 4051 ἒν
1429 4000 1467 4069 τῷ

297 4083 412 4159 εφιλήτρι
431 4089 464 4153 (ῖ)
483 4085 591 4154 νύκτωρ
609 4087 674 4156 περὶ
687 4083 769 4139 πόλιν
783 4082 954 4158 πολενμένφ’
970 4083 1058 4153 ἥμονν
1075 4084 1177 4156 κλέπτῃ
1191 4081 1350 4159 νοκτιλόχφ.
1371 4080 1468 4152 ἔτνμο-

295 4170 374 4243 λογία
403 4170 434 4226 δέ
461 4172 540 4241 παρὰ
566 4173 599 4227 τὸ
626 4175 754 4243 ὑφελεῖν,
777 4172 846 4242 ὅπερ
865 4172 921 4227 ἐστὶ
949 4171 1052 4241 κλέψαι
1079 4174 1116 4237 ὡς
1144 4171 1180 4227 ἂν
1204 4167 1222 4244 ᾖ
1245 4173 1397 4242 ὑφειλήτης
1419 4174 1468 4227 καλ

294 4259 444 4330 ἀφαιρέσει
462 4261 595 4330 φειλήτης
613 4263 660 4316 καὶ
679 4261 826 4316 ἀπελείσει
844 4270 894 4315 τοῦ
912 4272 925 4315 ἓ
944 4271 993 4331 τῆς
1011 4267 1038 4316 ᾗ
1057 4259 1219 4332 ὑιφθόμγον
1239 4260 1280 4316 δι’
1301 4260 1396 4317 αἰτίαν
1413 4262 1467 4331 τὴν

295 4346 413 4418 ἑτέρωθι
436 4352 626 4418 ὑηλωθεῑσαν,
649 4351 773 4420 φιλήιης.
805 4350 903 4419 Neque
923 4351 977 4405 hoo
995 4368 1051 4405 uno
1069 4350 1132 4405 loeo
1151 4349 1248 4405 aliena
1266 4350 1397 4406 doctrina
1414 4366 1465 4421 pro

295 4455 347 4497 sua
365 4455 432 4492 usus
450 4441 494 4492 est
511 4438 685 4494 Eustathius.
