3342 5168
646 325 759 381 Scholia
777 324 878 380 Procli.
1305 327 1346 391 57

180 494 405 576 στοιχείοις.
430 527 471 535 -
495 488 596 554 Porro
624 489 660 552 in
682 511 777 553 versu
800 486 843 552 65
866 488 1104 573 interpretando
1128 493 1349 574 exspectamus

180 582 272 684 plura
295 596 380 681 apud
396 594 547 660 Proolum
570 595 608 659 de
630 616 707 659 voce
728 599 849 672 1166661
872 595 928 658 ille
951 599 1058 659 tamen
1078 617 1182 679 neque
1200 596 1236 660 in
1252 595 1349 660 huius

179 706 242 770 loci
270 702 393 768 scholio
417 725 447 786 6.
468 703 524 788 88,
538 702 647 766 9-16
675 723 779 786 neque
806 701 841 765 in
869 700 992 766 scholio
1016 702 1056 766 ad
1078 724 1106 766 v.
1126 702 1168 766 69
1191 702 1226 766 111
1247 724 1278 786 p.
1298 703 1350 788 89,

182 811 310 876 17-21
326 808 485 873 (16116616
499 807 677 892 quiequam.
707 804 1072 892 9661161166611666166
1087 812 1350 892 praetermorem

180 919 215 982 in
237 912 472 1002 philosophicis
496 914 770 998 disputationibus
793 917 955 994 versatur,
979 936 1009 998 p.
1029 915 1081 999 89,
1096 915 1214 980 3-12.
1258 913 1350 980 Unde

180 1024 257 1089 haec
285 1021 502 1106 exscripserit,
535 1042 629 1085 nemo
660 1020 830 1085 dubitabit.
876 1019 941 1085 Res
969 1021 1138 1085 conficitur
1165 1021 1350 1086 testimonio

180 1130 287 1214 Etym.
311 1128 423 1213 Magni
446 1150 476 1211 p.
496 1127 625 1213 451,1,
648 1126 739 1192 ouius
764 1148 845 1210 quae
869 1129 954 1212 sunt,
978 1127 1085 1191 omnia
1106 1127 1170 1193 huc
1192 1128 1351 1213 pertinere

180 1237 284 1301 elucet
316 1257 354 1299 ex
384 1233 578 1298 lectionibus
611 1233 728 1297 codicis
756 1232 924 1321 1166616111,
956 1233 1012 1317 qui
1039 1255 1113 1297 eum
1139 1234 1350 1319 Moschopulo

181 1342 342 1408 consentit
368 1341 404 1404 in
431 1339 590 1405 afferendo
617 1339 764 1404 Platonis
794 1339 865 1405 loco
895 1337 1029 1427 (Oratyl.
1053 1337 1166 1427 4196).
1211 1337 1275 1405 Sed
1301 1344 1351 1406 est

181 1448 374 1513 monendum
398 1447 458 1511 sub
481 1447 579 1511 finem
602 1447 717 1531 6661116
740 1446 928 1530 promittere
950 1449 1113 1510 auctorem
1131 1447 1352 1533 Etymologiei
1485 1492 1502 1518 .

181 1556 422 1640 disputaturum
441 1575 474 1617 66
493 1554 543 1618 vel
562 1553 777 1638 disputavisse
790 1554 853 1617 iam
869 1552 907 1617 de
921 1552 1109 1639 differentia,
1127 1575 1209 1636 quae
1223 1554 1353 1618 intersit
1478 1547 1481 1552 ⁴

181 1664 266 1726 inter
288 1661 443 1725 vocabula
464 1660 557 1745 ὀργή,
580 1669 688 1745 μῆνις,
710 1663 817 1743 κότος,
843 1662 950 1743 χόλος,
972 1661 1091 1743 θυμός.
1127 1659 1215 1725 Η666
1232 1660 1283 1725 vel
1300 1661 1352 1726 his

183 1767 346 1832 simillima
365 1766 448 1851 apud
460 1765 611 1831 Proolum
631 1765 730 1830 fuisse
747 1766 823 1830 licet
842 1788 881 1829 ex
901 1764 1093 1849 quibusdam
1113 1765 1244 1831 scholiis
1265 1767 1352 1832 oolli-

183 1895 270 1960 gere3
300 1873 338 1938 cf.
361 1871 527 1957 Moschop.
551 1872 720 1957 adipsum
743 1894 872 1936 versum
895 1876 927 1936 61
949 1895 979 1956 p.
999 1873 1056 1958 98,
1072 1872 1188 1937 1-10.
1233 1873 1353 1938 Memo-

182 1980 284 2045 rabile
307 1982 415 2044 tamen
438 1983 497 2067 est,
520 1979 606 2063 quod
629 1979 751 2064 relegat
773 1978 828 2042 ille
852 1978 892 2043 ad
915 1978 1012 2065 aliud,
1033 1979 1093 2043 ita:
1117 1980 1203 2062 ζήτει
1226 1981 1353 2057 εἰςτὰς

182 2086 397 2172 Λιιιφοριὲς.
444 2085 531 2161 Quae
562 2086 660 2150 verba
692 2086 818 2169 saepius
850 2085 885 2149 in
918 2085 1016 2150 simili
1048 2089 1237 2170 argumento
1269 2086 1354 2170 apud

181 2193 416 2278 Etymologum
441 2193 656 2257 inveniuntur.
702 2190 779 2255 Fuit
801 2191 903 2276 igitur
924 2191 1008 2255 liber
1030 2191 1068 2255 de
1091 2191 1352 2257 distinctionibus

182 2299 450 2383 homonymorum
474 2302 506 2362 et
529 2320 791 2384 synonymorum,
814 2301 989 2384 Διαφοραί
1008 2298 1193 2383 1166116166,
1214 2297 1298 2362 unde
1318 2298 1354 2364 in

182 2407 327 2492 pleniora
354 2405 548 2489 exemplaria
570 2404 873 2489 Etymologicorum
900 2404 1021 2488 passim
1048 2404 1205 2469 nonnulla
1226 2410 1354 2489 recepta

183 2516 267 2578 sunt.
313 2510 364 2576 Ad
391 2533 520 2576 versum
544 2510 586 2573 69
613 2509 721 2575 Ρ16611
748 2511 982 2595 disputationes
1011 2510 1046 2574 in
1070 2510 1132 2576 1166
1154 2509 1239 2575 libro
1262 2514 1354 2576 erant

183 2619 375 2703 exscriptae:
398 2639 475 2681 casu
497 2617 582 2681 enim
605 2620 711 2681 exstat
733 2617 823 2680 illius
845 2617 1062 2702 fragmentum
1084 2618 1119 2681 in
1140 2617 1284 2701 pleniore
1302 2640 1354 2682 ex·

183 2728 292 2810 eerpto
320 2724 428 2806 Etym.
457 2720 595 2786 Gudiani
625 2745 654 2806 p.
674 2724 750 2808 266,
769 2721 821 2786 56.
866 2721 972 2787 Ρ16611
1004 2745 1073 2787 6666
1104 2724 1202 2788 verba
1232 2723 1284 2787 vel
1315 2745 1353 2788 ex

184 2831 279 2895 initio
307 2829 533 2914 Moschopulei
560 2828 675 2893 scholii
701 2833 841 2913 apparet.
886 2828 1014 2901 Veteris
1038 2834 1145 2895 autem
1167 2830 1353 2914 interpretis

185 2936 330 3001 doctrina
362 2935 400 2999 (16
433 2936 542 3000 eadem
570 2958 604 3000 re
636 2935 764 3000 aliunde
795 2935 912 3000 hausta
944 2939 976 2999 et
1008 2937 1214 3021 grammatice
1244 2936 1353 3021 potius

186 3065 282 3127 quam
309 3041 534 3127 philosophice
561 3043 707 3127 exposita
739 3045 926 3107 conservata
960 3046 1009 3107 est
1043 3043 1083 3107 ab
1111 3043 1287 3108 Eustathio
1314 3043 1355 3107 ad

183 3148 316 3214 Iliadem
334 3148 349 3213 I
367 3173 399 3234 p.
419 3149 449 3235 8,
463 3149 605 3235 20-33,
627 3149 685 3213 ubi
702 3171 815 3213 rursus
834 3148 952 3214 indicio
972 3153 1048 3213 sunt
1066 3150 1171 3234 prima
1188 3149 1355 3215 Eustathii

183 3256 289 3321 verba.
326 3256 506 3320 Eximenda
529 3259 638 3320 autem
662 3259 738 3320 sunt
760 3277 777 3319 e
801 3255 923 3320 scholio
946 3254 1125 3344 Ρ166116116,
1148 3278 1228 3341 quae
1250 3280 1282 3342 p.
1302 3259 1355 3342 88,

186 3363 315 3427 14-16
343 3363 382 3427 (16
409 3362 592 3448 significatu
619 3365 818 3447 γυιοκόρους
844 3365 986 3426 exstant:
1013 3363 1225 3447 grammatico
1253 3363 1354 3428 veteri

183 3470 262 3534 haec
284 3468 447 3534 vindicant
469 3469 584 3554 166166,
606 3490 687 3553 quae
711 3469 824 3532 statim
848 3468 908 3532 sub
931 3470 1039 3546 ἄλλως
1061 3471 1248 3554 sequuntur,
1270 3468 1354 3532 inter

185 3597 266 3660 quae
302 3595 395 3659 aegre
432 3574 680 3639 desiderabimus
717 3574 804 3657 quod
839 3573 893 3639 hic
923 3574 1057 3661 legitur,
1094 3575 1122 3639 si
1154 3575 1249 3640 modo
1282 3596 1355 3639 cum

185 3678 427 3770 Etymologiois
444 3681 508 3746 1616
530 3681 830 3772 comparaverimus.
872 3679 985 3764 Neque
1009 3685 1058 3746 est
1082 3681 1212 3745 omnino
1235 3682 1271 3745 in
1292 3680 1355 3746 hoc

186 3807 301 3872 genere
320 3787 518 3870 quaestionis
536 3786 643 3852 Procli
660 3786 740 3851 laus.
761 3825 798 3833 —
814 3785 1028 3870 Pergentibus
1046 3786 1150 3872 nobis,
1169 3808 1250 3870 quae
1269 3786 1355 3870 apud

184 3896 324 3957 veterem
351 3894 597 3978 grammaticum
624 3893 806 3957 invenimus
835 3890 1025 3955 denomino
1047 3890 1199 3956 Mercurii
1223 3892 1355 3976 eiusque

185 4000 445 4086 cognominibus,
477 4000 517 4064 ab
547 3999 599 4063 his
629 3998 768 4064 multum
796 3994 922 4062 differre
950 4001 1084 4082 apparet
1111 3997 1168 4062 illa
1194 4020 1213 4062 6
1240 3996 1355 4063 Taetza

185 4107 557 4190 66116166.92,1-3.
602 4102 690 4180 Quae
717 4105 785 4168 eius
809 4104 943 4189 propria
964 4126 1031 4169 non
1054 4127 1123 4170 esse
1146 4127 1219 4169 cum
1242 4103 1354 4169 velex

185 4212 397 4276 similitudine
410 4210 659 4295 Moschopuleae
677 4210 841 4275 doctrinae
858 4211 927 4275 veri
946 4210 989 4274 sit
1004 4208 1108 4275 simile
1124 4235 1153 4296 p.
1169 4212 1221 4297 92,
1235 4211 1354 4298 9-19,

184 4317 298 4383 Ρ16616
321 4318 495 4382 tribuimus
518 4321 652 4402 propter
674 4316 812 4401 vestigia
830 4316 957 4381 Stoicae
976 4317 1196 4403 etymologiae.
1231 4316 1354 4381 Eadem

186 4428 235 4488 est
266 4446 317 4488 res
349 4425 384 4487 in
416 4425 479 4510 eis,
511 4446 592 4510 quae
624 4423 788 4511 pertinent
822 4422 861 4487 ad
892 4445 920 4488 v.
946 4422 1085 4490 13-16.
1136 4420 1222 4489 Satis
1255 4422 1353 4491 exiles
