3366 5168
675 361 789 418 Scholia
806 362 906 418 Procli.
1335 366 1378 431 69

197 525 322 616 (ibid),
346 527 401 612 qui
421 530 549 592 tantum
566 548 634 591 non
650 526 844 591 nominatim
862 549 896 591 se
914 526 1028 592 Proclo
1049 528 1156 592 omnia
1175 527 1289 593 debere
1307 551 1379 594 oon-

204 635 308 699 iessus
335 638 385 698 ost
412 634 520 699 dicens
543 656 571 698 v.
591 634 648 698 28:
684 633 812 715 ἕτεροι
836 633 880 699 δέ
900 658 1020 717 τινες,
1044 634 1191 712 οἵτινές
1215 638 1318 700 εἰσιν
1341 639 1381 702 ol

205 745 438 826 φιλόσοφοι,
474 739 632 818 θέλοντες
663 745 928 825 λαβρηγορεϊν
969 740 1034 805 καὶ
1069 743 1280 825 κομπάζειν
1316 743 1378 809 κᾶν

204 860 275 924 τοῖς
302 850 475 932 μαθήμασι
502 838 553 923 οἷς
581 846 642 930 οὐχ
665 847 850 931 ὡμίλησαν,
877 849 922 912 τὰ
948 849 1051 934 παρὰ
1078 861 1162 924 τοῖς
1189 849 1378 933 ἀστρολό-

206 978 290 1037 γοις
316 952 379 1019 aad.
430 951 580 1018 Ceterum
609 953 750 1017 indidem
776 954 828 1018 vel
854 953 911 1018 illa
939 955 1170 1038 astronomica,
1198 960 1379 1039 quaesunt

205 1060 244 1125 ad
271 1083 299 1125 v.
319 1060 384 1124 383
400 1082 483 1146 sqq,
511 1060 581 1123 iure
607 1081 668 1124 nos
696 1082 793 1143 supra
816 1058 860 1147 (p.
885 1058 942 1146 67)
971 1082 988 1124 e
1016 1060 1131 1125 'Taetza
1159 1061 1199 1125 ad
1228 1060 1378 1126 Proolum

206 1167 410 1233 transtulisse
428 1169 525 1250 patet.
544 1204 581 1213 -
598 1166 776 1250 Excipiunt
793 1154 962 1231 Procliana
985 1167 1025 1230 ad
1043 1189 1070 1231 v.
1090 1167 1157 1232 480
1167 1189 1246 1252 sqq,
1262 1190 1292 1251 p.
1304 1168 1379 1254 298,

203 1272 1379 1361 5-8,299,31-300,6,14-32,302,6-11,15-31,305,16-306,6,

204 1379 608 1467 23-28,807,10-21.
654 1379 703 1444 De
726 1401 777 1465 eo,
808 1381 894 1464 quod
917 1383 966 1444 est
989 1381 1104 1445 ultimo
1127 1379 1214 1467 loco,
1235 1380 1378 1464 potuerit

204 1489 277 1573 quis
301 1486 457 1573 dubitare,
479 1509 520 1551 an
537 1486 623 1551 idem
641 1487 684 1550 sit
703 1490 800 1571 atque
823 1486 913 1573 illud,
936 1508 953 1551 e
977 1509 1041 1571 quo
1064 1485 1231 1552 hauserint
1254 1485 1378 1572 Taetza,

204 1598 349 1659 auctores
368 1593 679 1680 Etymologicorum,
697 1593 760 1657 alii.
798 1591 875 1657 Non
892 1597 942 1657 est
960 1597 1069 1657 tamen
1084 1593 1192 1658 Procli
1210 1592 1379 1679 scholium,

204 1701 259 1766 sed
286 1701 404 1766 veteris
431 1701 618 1785 interpretis
646 1700 818 1765 manifesto
846 1700 887 1764 ab
916 1700 1066 1764 omnibus
1092 1699 1144 1764 his
1172 1699 1378 1785 exscriptum,

202 1809 320 1873 veteris
337 1808 513 1894 genuinum
530 1828 564 1871 se
583 1806 795 1890 comprobans
813 1807 951 1872 maxime
970 1829 1007 1872 ea
1020 1828 1064 1893 re,
1083 1806 1169 1891 quod
1182 1808 1251 1871 cius
1266 1810 1378 1874 auctor

203 1919 315 1981 contra
334 1914 440 1979 Procli
462 1913 529 1979 sive
545 1913 648 1978 mavis
662 1912 828 1978 Plutarchi
847 1914 1040 1978 sententiam
1052 1935 1195 1978 mensem
1209 1913 1378 1979 Lenaeona

202 2022 335 2088 Boeotis
350 2021 508 2086 attribuit.
548 2018 588 2084 ln
602 2020 719 2103 quibus
735 2041 842 2084 secum
857 2020 926 2105 ipse
940 2041 1085 2105 pugnare
1099 2041 1166 2085 non
1178 2021 1289 2104 potuit
1301 2020 1377 2086 Pro-

202 2130 279 2194 clus.
293 2167 330 2175 —
344 2126 497 2213 Sequitur
516 2127 674 2192 scholium
689 2126 729 2190 ad
742 2148 770 2191 v.
785 2125 861 2213 507,
878 2149 909 2210 p.
925 2127 1000 2214 310,
1014 2126 1179 2212 22-311,
1189 2128 1219 2213 6,
1237 2126 1289 2191 cui
1308 2127 1392 2191 sine'

202 2236 300 2301 dubio
322 2235 501 2300 addendum
520 2237 569 2298 est
587 2232 668 2297 illud
687 2255 824 2320 quoque,
839 2233 926 2318 quod
941 2255 1026 2299 nunc
1044 2233 1241 2298 disiunctum
1256 2234 1296 2298 ab
1314 2234 1377 2299 hoc

201 2342 321 2426 legitur
340 2365 370 2426 p.
386 2341 462 2427 313,
475 2341 621 2427 31-34,
639 2341 730 2404 cuius
753 2343 803 2404 est
826 2340 935 2405 eadem
958 2340 1132 2428 sententia,
1155 2340 1303 2425 quodque
1325 2363 1377 2405 sx-

203 2448 400 2532 scripserunt
423 2451 535 2512 auctor
552 2446 660 2531 Etym.
680 2446 792 2531 Magni
813 2470 844 2531 p.
865 2447 940 2533 769,
952 2446 996 2511 55
1020 2451 1053 2511 et
1071 2445 1212 2512 Zonaras
1230 2470 1259 2531 p.
1282 2447 1376 2511 1741,

203 2554 266 2620 Sed
284 2576 356 2619 cum
369 2554 404 2618 in
422 2553 533 2619 eodem
552 2552 674 2618 scholio
694 2554 774 2617 satis
792 2554 896 2618 multa
914 2554 999 2618 diota
1014 2554 1080 2618 sint
1094 2554 1192 2618 etiam
1206 2554 1244 2617 ds
1258 2577 1285 2618 v.
1301 2553 1376 2640 508,

201 2682 304 2745 neque
327 2660 477 2725 differant
499 2682 545 2745 ea,
564 2681 646 2744 quae
664 2660 704 2723 ad
721 2659 807 2725 hunc
824 2681 952 2725 versum
970 2684 1000 2745 p.
1016 2661 1092 2747 311,
1108 2660 1237 2725 11-19
1260 2660 1375 2726 Proclo

202 2772 235 2832 et
257 2767 358 2832 veteri
380 2767 552 2851 interpreti
576 2767 805 2852 attribuantur,
828 2788 972 2853 cumque,
991 2768 1025 2831 id
1044 2766 1129 2853 quod
1147 2768 1376 2853 gravissimum

203 2878 266 2960 est,
297 2874 353 2958 qui
379 2873 458 2938 haec
485 2876 613 2956 praeter
641 2872 722 2938 alios
750 2877 896 2938 accurate
923 2874 1104 2959 exscripsit,
1133 2878 1244 2939 auctor
1266 2874 1374 2958 Etym.

201 2980 314 3065 Magni
341 2980 497 3065 quaedam
518 2979 571 3044 his
594 2979 740 3064 pleniora
761 2980 880 3045 habeat
903 2984 935 3045 et
959 2980 1088 3065 quidem
1110 3003 1196 3046 mere
1219 3001 1375 3066 gramma-

201 3088 275 3172 tica,
297 3107 364 3151 non
386 3090 495 3171 potest
518 3087 653 3151 dubium
675 3108 754 3173 esse,
777 3088 856 3171 quin
875 3108 912 3151 ea
930 3109 1067 3173 quoque,
1091 3110 1172 3173 quae
1190 3087 1295 3153 Procli
1315 3089 1374 3153 sub

200 3193 330 3259 nomine
360 3194 521 3278 feruntur,
555 3193 763 3258 adiudicanda
792 3194 857 3259 sint
884 3196 984 3259 veteri
1012 3195 1189 3279 interpreti.
1217 3233 1261 3242 -
1289 3193 1375 3271 Quae

202 3301 427 3365 adscribuntur
459 3301 499 3366 ad
527 3323 556 3366 v.
584 3299 650 3365 512
665 3323 734 3386 sqq.
763 3324 792 3385 p.
818 3301 896 3386 312,
920 3301 1039 3387 6-13,
1065 3322 1133 3366 non
1160 3306 1235 3367 sunt
1268 3303 1376 3367 omnia

200 3407 376 3472 Procliana.
435 3406 548 3472 Priora
580 3408 666 3472 enim
700 3405 743 3494 (v.
772 3405 906 3494 6-11)
939 3408 1024 3493 apud
1058 3407 1139 3473 alios
1171 3408 1376 3491 reperiuntur

200 3514 356 3599 pleniora,
379 3517 411 3578 et
435 3515 563 3598 quidem
586 3515 633 3579 ita
656 3518 759 3600 aucta,
782 3519 818 3580 ut
841 3516 953 3599 procul
976 3516 1074 3581 dubio
1098 3516 1154 3600 sit,
1178 3515 1257 3599 quin
1278 3515 1374 3599 perti-

200 3624 299 3685 neant
331 3620 371 3684 ad
402 3624 542 3685 veterem
569 3621 820 3706 grammaticum.
875 3620 982 3686 Procli
1008 3621 1118 3705 potius
1147 3625 1223 3685 sunt
1248 3621 1318 3707 illa,
1340 3621 1376 3686 in

202 3727 319 3813 quibus
351 3725 544 3792 Aristoteles
576 3728 734 3793 laudatur.
793 3728 918 3792 Rursus
951 3727 1037 3812 quod
1069 3727 1225 3791 traditum
1255 3732 1305 3792 est
1335 3729 1375 3792 ad

200 3859 229 3899 v.
249 3832 328 3919 518,
346 3856 375 3917 p.
396 3833 474 3919 313,
493 3834 626 3899 31-34
654 3834 755 3921 (quod
779 3837 891 3899 auctor
913 3833 1021 3917 Etym.
1045 3833 1158 3916 Magni
1180 3831 1374 3920 exscripsit),

118 3996 119 3999 ,
200 3940 233 4005 id
255 3939 361 4005 Procli
383 3944 533 4005 nonest:
558 3940 669 4004 statim
691 3941 727 4004 in
748 3939 844 4003 initio
866 3959 1032 4002 versamur
1054 3938 1090 4002 in
1111 3938 1215 4002 doctis
1238 3935 1374 4002 Alexan·

200 4048 366 4113 drinorum
384 4045 553 4111 Hesiodeis
572 4046 665 4111 curis.
706 4045 795 4110 Haec
813 4049 922 4109 tamen
936 4046 1100 4130 excipiunt
1114 4044 1253 4130 genuina
1266 4045 1374 4110 Procli

200 4154 321 4220 scholia
351 4177 382 4239 p.
411 4152 491 4239 314,
519 4152 630 4239 3-9,
671 4151 749 4238 315,
776 4151 931 4239 5-316,
956 4153 984 4217 9.
1044 4150 1244 4237 Quamquam
1276 4151 1374 4216 etiam

199 4284 238 4326 ex
265 4261 317 4326 his
344 4283 411 4326 non
437 4280 539 4344 pauca
565 4259 732 4324 resecabis.
786 4257 931 4324 Primum
958 4259 1015 4324 illa
1042 4259 1267 4346 grammatica,
1292 4280 1373 4343 quae

201 4372 277 4433 sunt
303 4367 342 4432 de
369 4367 526 4433 vocabulo
555 4364 665 4432 τένδει
692 4389 722 4450 p.
742 4366 821 4453 315,
839 4367 962 4453 8-11,
990 4366 1077 4451 quod
1104 4365 1261 4432 scholium
1288 4365 1373 4431 inira

200 4476 357 4539 revocabo
381 4475 420 4539 ad
444 4474 607 4540 officinam
629 4473 747 4538 veteris
771 4473 967 4562 interpretis,
989 4477 1060 4539 tum
1077 4473 1134 4538 illa
1152 4495 1182 4558 p.
1197 4475 1272 4561 316,
1285 4473 1372 4541 3—9
