3342 5168
483 335 524 389 De
543 334 679 404 ampliore
698 334 766 389 olim
784 334 877 388 Procli
895 337 1103 391 commentario.
1338 337 1379 401 19

209 496 475 562 1001001Το0100οε
507 499 656 562 δείκνυσι
679 507 777 562 τοῦτο
802 498 1026 585 Πλούταρχος.
1074 497 1294 583 Θεμιστοκλέα
1317 500 1381 586 γάρ

211 622 314 687 φησιν
341 603 361 687 ll
385 605 529 668 Κάτωνα
555 604 784 690 πιπράσκοντα
811 606 870 669 τὸν
897 604 1001 691 ἀγρὸν
1029 604 1153 688 λέγειν,
1177 605 1226 670 ὅτι
1250 605 1382 688 ἀγαθὸν

210 712 275 793 ἔχει
304 714 444 792 γείτονα,
490 709 542 774 Ex
569 709 671 792 ipsius
698 709 866 774 Plutarchi
898 710 1026 794 scriptis
1053 710 1132 774 haec
1158 710 1289 775 Tzetzes
1315 733 1383 776 non

209 814 331 899 hausit,
357 815 420 879 hoc
446 837 505 899 pro
533 819 620 879 certo
649 816 809 880 affirmare
835 816 925 901 lieet3
953 816 1046 880 aliter
1073 838 1140 880 non
1162 806 1380 882 erravisset.

209 919 354 985 Eandem
382 922 424 985 ob
450 944 577 986 eausam
600 944 640 985 ne
663 923 929 987 commentarium
952 923 1080 1005 quidem
1103 922 1270 988 Plutarchi
1292 925 1382 1011 legit,

210 1027 265 1091 sed
286 1027 387 1114 illum,
410 1029 501 1093 00100
525 1030 633 1092 omnia
655 1032 731 1093 sunt
753 1028 954 1112 Plutarchea,
976 1027 1135 1094 Proclum.
1170 1028 1268 1114 Apud
1286 1053 1382 1114 quem

208 1137 317 1198 tamen
348 1157 433 1199 nune
459 1135 598 1220 legimus
625 1136 714 1199 varia
742 1157 779 1199 ex
807 1158 915 1200 rerum
941 1135 1080 1200 historia
1106 1137 1209 1219 petita
1237 1137 1382 1220 exempla

208 1243 245 1303 ut
263 1240 463 1327 Plutarehea,
487 1241 526 1304 de
544 1241 758 1306 Themistocle
781 1247 889 1306 autem
912 1243 1042 1325 eiusque
1066 1241 1272 1307 celeberrimo
1296 1242 1381 1307 dicto

207 1346 340 1412 Proclus
364 1349 427 1412 alio
450 1347 522 1412 loco
546 1347 600 1435 (ad
618 1372 646 1413 0.
665 1346 727 1435 sq.)
751 1350 820 1436 agit
843 1371 946 1433 neque
970 1370 1003 1412 se
1021 1348 1055 1412 id
1072 1348 1246 1414 Plutarcho
1266 1349 1381 1413 debere

210 1453 295 1517 dicit.
342 1453 434 1530 Quod
466 1460 575 1519 tamen
607 1455 686 1539 quin
715 1456 823 1539 ipsum
850 1477 978 1539 quoque
1004 1455 1172 1520 Plutarchi
1199 1457 1255 1541 011,
1285 1477 1381 1521 nemo

210 1559 382 1625 dubitabit.
428 1561 543 1645 Itaque
566 1544 743 1645 pleniorem
765 1563 846 1648 legit
868 1562 999 1626 Γ1001000
1021 1561 1180 1627 Proelum.

296 1666 374 1732 Non
399 1672 485 1731 recte
511 1667 573 1731 hoc
599 1667 670 1732 loco
697 1667 859 1733 Usenerus
883 1668 945 1732 duo
969 1667 1031 1731 alia
1054 1668 1199 1751 exempla
1221 1671 1382 1756 apposuit,

210 1772 332 1836 scholia
355 1772 395 1836 ad
417 1795 446 1836 0.
466 1773 531 1836 293
551 1773 675 1839 01378.
713 1772 796 1839 Sunt
820 1778 927 1838 autem
950 1772 1036 1837 adv.
1056 1773 1121 1838 293
1140 1771 1184 1860 (p.
1204 1773 1284 1861 201)
1304 1775 1383 1841 haec

209 1879 306 1943 verba
320 1879 466 1943 Tzetzae:
480 1883 558 1956 τοὺς
573 1877 609 1945 dt
623 1889 684 1945 τοῦ
694 1883 852 1963 Πρόκλου
864 1882 1022 1962 Ζήνωνας
1035 1878 1091 1944 καὶ
1103 1877 1383 1966 Ἀριστοίρχονς

208 1984 398 2069 περιεατέον
427 1985 472 2062 ὡς
498 1987 678 2071 περιττούς.
728 1985 768 2050 10
789 1986 968 2051 Ρο00110010
995 2007 1071 2050 0000
1100 2008 1176 2050 sane
1199 1986 1237 2050 fit
1260 1989 1381 2053 mentio

208 2090 345 2156 Zenonis
368 2090 413 2179 (p.
432 2089 523 2179 200),
546 2092 601 2157 sed
622 2096 698 2176 post
721 2115 794 2157 cum
817 2091 1017 2176 Aristippi
1040 2091 1203 2157 Socratici.
1240 2093 1382 2179 Negavit

208 2219 349 2262 errorem
372 2198 521 2263 Taetzam
548 2199 746 2264 commisisse
769 2198 931 2263 Usenerus
963 2199 1142 2284 statuitque
1169 2200 1279 2283 potius
1302 2201 1381 2264 desi·

208 2304 312 2369 derari
338 2327 424 2369 nunc
452 2304 611 2390 quandam
639 2306 679 2370 ab
706 2303 896 2370 Aristarcho
924 2306 1045 2370 factam
1072 2306 1243 2371 0110010οἰ00
1270 2329 1381 2372 000000

208 2411 287 2497 294,
317 2433 412 2495 quem
434 2412 512 2476 dicit
534 2411 742 2477 Aristotelem
767 2417 799 2476 et
822 2412 983 2477 Zenonem
1005 2434 1072 2477 non
1095 2414 1276 2498 agnovisse:
1299 2413 1382 2479 hanc

208 2517 378 2583 athetasim
414 2541 433 2582 0
464 2518 579 2582 ’100100
611 2519 677 2583 11110
708 2520 816 2584 verbis
848 2518 1018 2603 repudiari.
1068 2518 1203 2584 Minime
1234 2520 1289 2584 ita.
1335 2519 1382 2585 Ut

207 2624 293 2688 inira
315 2624 453 2710 videbis,
479 2621 688 2688 Aristarchus
710 2624 796 2688 hune
819 2646 946 2688 versum
969 2625 1004 2689 in
1027 2647 1085 2688 sua
1107 2625 1292 2689 recensione
1316 2647 1383 2690 om-

207 2732 285 2795 nino
312 2752 379 2794 non
409 2730 539 2816 habuit,
572 2752 648 2816 ergo
679 2730 763 2794 nihil
795 2729 834 2794 ad
867 2752 940 2795 cum
973 2731 1147 2796 adnotavit.
1192 2730 1320 2817 Neque,
1353 2733 1382 2797 01

209 2837 365 2921 scriptum
388 2841 456 2901 erat
477 2836 540 2901 hoc
561 2837 632 2901 loeo
656 2836 694 2900 (10
718 2836 856 2901 athetesi
874 2835 1094 2924 Aristarchea,
1116 2838 1183 2900 veri
1207 2838 1311 2902 simile
1334 2843 1382 2903 001

208 2966 309 3028 aequo
334 2944 440 3008 animo
464 2943 502 3008 de
520 2943 581 3007 hac
598 2966 633 3008 re
652 2942 800 3008 Tzctzam
818 2943 917 3008 verba
934 2944 1095 3007 facturum
1114 2943 1221 3008 fuisse.
1259 2942 1382 3008 Audias

208 3073 326 3135 quaeso
358 3051 447 3114 illius
480 3050 518 3114 de
549 3050 671 3115 talibus
703 3050 857 3115 clamores
889 3050 929 3114 ad
962 3073 990 3114 0.
1019 3050 1076 3135 32,
1106 3048 1182 3134 157,
1213 3049 1278 3113 239
1311 3050 1381 3114 sim:

207 3158 356 3222 Profecto
384 3157 529 3222 confudit
557 3179 608 3242 eo,
636 3157 674 3221 de
703 3179 767 3240 quo
795 3157 948 3241 diximus,
976 3157 1047 3221 loco
1076 3159 1132 3221 aut
1155 3156 1285 3220 Tzetzes
1312 3157 1381 3240 ipse

209 3269 278 3350 aut,
311 3265 398 3349 quod
429 3264 533 3349 magis
565 3263 700 3347 arridet,
731 3263 897 3350 librarius,
929 3264 980 3328 cui
1013 3263 1182 3328 ’100101000
1214 3263 1380 3348 debentur,

101 3375 104 3381 '
207 3370 388 3436 Aristarchi
416 3375 447 3435 01
470 3369 632 3454 Aristippi
656 3371 803 3455 nomina,
829 3371 967 3434 fortasse
992 3371 1169 3454 scripturae
1193 3370 1380 3454 compendio

207 3477 365 3562 deceptus.
403 3475 524 3541 Similis
543 3481 593 3541 est
612 3498 710 3561 error,
734 3477 762 3541 si
780 3500 810 3560 p.
828 3476 868 3540 18
888 3499 960 3540 cum
978 3476 1116 3540 Mdllero
1136 3479 1221 3540 00010
1240 3476 1379 3540 diximus

206 3606 266 3667 pro
289 3583 480 3668 Lysimacho
504 3584 739 3648 restituendum
761 3605 831 3647 0000
853 3605 971 3648 nomen
992 3582 1159 3666 Lysaniae.
1168 3580 1194 3670 ¹)

296 3688 427 3754 Erravit
459 3690 557 3755 etiam
588 3691 624 3753 in
655 3691 757 3754 altero
789 3690 934 3773 exemplo
968 3687 1073 3774 (adv.
1099 3687 1179 3776 378)
1207 3687 1379 3753 Usenerus.

208 3795 260 3860 Ibi
275 3800 351 3858 sunt
364 3796 461 3859 verba
474 3795 607 3860 Γ1001000
623 3795 667 3883 (p.
678 3791 772 3882 239):
792 3796 827 3860 01
838 3793 913 3878 περὶ
928 3797 1085 3880 Πρόκλον
1099 3793 1153 3858 καὶ
1165 3792 1380 3878 Ἀρίσταρχον

207 3900 228 3985 il
259 3899 328 3988 (καὶ
355 3898 426 3988 Us.)
453 3904 673 3989 Πλούταρχον
705 3902 906 3983 ἀδιανόητον
937 3904 1036 3964 τοῦτό
1070 3917 1174 3984 φασιν
1207 3896 1293 3965 εἶναι
1324 3899 1380 3965 καὶ

207 4012 374 4094 περισσόν.
411 4007 476 4072 Res
499 4009 669 4074 manifesta
692 4012 749 4072 001.
786 4004 826 4070 10
849 4006 971 4070 scholio
995 4006 1146 4090 anonymi
1164 4006 1262 4090 111100,
1285 4028 1379 4090 quem

208 4135 267 4200 ego
291 4119 347 4179 001
370 4112 521 4179 Veterem
544 4119 600 4179 aut
624 4113 878 4178 Grammaticum
900 4112 1031 4200 vocabo,
1054 4135 1149 4198 quem
1171 4135 1244 4178 cum
1264 4113 1378 4178 Proelo

298 4275 323 4342 1)
343 4271 383 4328 01,
398 4273 544 4342 practerea
558 4270 587 4324 in
603 4270 717 4325 scholiis
732 4271 769 4325 ad
784 4270 875 4341 Opera
888 4289 915 4341 p.
932 4276 967 4325 64
980 4288 1030 4340 pro
1047 4270 1191 4324 Herodoro
1205 4270 1379 4324 Herodotum

208 4360 278 4430 (alia
298 4361 373 4430 apud
386 4360 606 4430 Wessclingium
625 4358 655 4413 in
673 4359 871 4415 dissertatione
888 4360 1048 4414 Herodotea
1067 4376 1089 4414 c.
1105 4362 1203 4429 3sqq.)
1220 4358 1266 4413 001
1283 4376 1310 4429 p.
1326 4364 1377 4412 318

206 4466 256 4520 pro
276 4448 387 4504 Oratete
405 4449 557 4505 Isocratem
575 4448 619 4519 (cf.
639 4448 731 4518 Etym.
752 4450 846 4519 Magn.
865 4468 892 4520 p.
909 4454 969 4518 594,
984 4451 1037 4519 48).

1129 4536 1163 4592 2*
