3366 5168
493 336 536 390 De
554 334 710 390 Aristarchi
728 333 759 388 in
776 295 930 388 Hesiodum
949 332 1163 388 commentariis.
1351 333 1414 397 123

242 499 424 584 conscripto
461 499 699 565 commentario.
733 535 775 545 -
807 495 877 563 Iam
908 497 1096 562 Waeschkii
1132 495 1413 562 Aristarcheorum

240 607 516 691 hypomnematon
540 606 729 693 fragmentis
753 605 886 670 abiectis
909 604 1052 669 dicamus
1077 604 1115 668 de
1138 603 1320 669 Flachianis
1343 603 1414 668 reli·

242 713 315 798 quis
343 713 448 779 tribus
477 713 516 778 ad
544 736 573 778 v.
592 713 636 780 30
664 735 681 777 e
709 711 832 777 scholio
860 735 889 796 p.
909 711 966 795 57,
985 712 1020 796 2,
1047 711 1138 776 adv.
1162 712 1226 775 693
1251 710 1413 775 ascholio

241 820 365 906 aaut,
386 820 437 907 14,
460 821 499 884 ad
522 843 551 884 v.
570 820 634 884 826
658 842 675 884 e
699 819 822 884 scholio
845 841 875 903 p.
894 818 974 905 459,
997 818 1053 882 ubi
1076 840 1117 884 ne
1140 818 1261 882 mentio
1285 817 1414 901 quidem

241 926 422 991 Aristarchi
444 926 530 991 facta
552 929 610 990 est.

334 1031 388 1097 Ad
409 1056 437 1099 v.
457 1034 501 1098 30
524 1036 574 1099 est
597 1057 630 1118 p.·
645 1033 699 1122 57,
717 1033 739 1098 2
763 1032 921 1098 scholium
940 1030 1170 1098 Choerobosci:
1194 1033 1274 1119 ὥρη·
1298 1038 1415 1110 ψιλοῦ-

241 1165 295 1206 ται
324 1136 363 1205 δὲ
391 1142 430 1206 τδ
458 1142 540 1227 ὤρη,
567 1149 635 1206 νῦν
661 1141 725 1227 νάρ
754 1142 815 1226 τὴν
843 1141 1008 1225 φροντίδα
1036 1141 1196 1224 σημαίνει.
1251 1138 1334 1204 ὅθεν
1360 1136 1415 1203 καὶ

241 1247 401 1335 ὀλιγωρία
428 1245 483 1312 καί
510 1250 682 1334 τολυωρία
716 1246 771 1312 καὶ
794 1252 957 1332 τολυωρῶ
980 1244 1035 1310 καὶ
1058 1246 1212 1330 πυλωρὸς
1235 1244 1253 1310 ὁ
1277 1245 1337 1328 τὴν
1356 1253 1415 1310 τοῦ

242 1355 427 1438 φυλάσσειν
452 1353 613 1432 ἐξουσίαν.
657 1352 762 1432 Quid?
795 1351 1056 1419 Ohoeroboscum
1078 1352 1244 1438 ignorasse
1266 1351 1354 1434 talia,
1377 1354 1414 1415 ut

243 1460 272 1525 ei
300 1462 406 1524 essent
434 1460 628 1526 consulenda
654 1464 763 1525 vetera
791 1460 934 1525 scholia?
980 1459 1083 1524 Immo
1111 1459 1179 1523 eius
1207 1457 1310 1542 ipsius
1337 1457 1417 1521 haec

243 1569 328 1651 sunt,
359 1565 490 1631 minime
517 1564 706 1631 Aristarchi.
766 1564 827 1632 Oui
858 1566 937 1631 haec
963 1558 1060 1631 verba
1088 1564 1239 1629 attribuit
1265 1562 1415 1629 Flachius

242 1675 408 1755 permotus
436 1672 496 1757 eis,
525 1695 606 1756 quae
632 1672 784 1758 leguntur
810 1674 846 1737 in
871 1672 1052 1737 Homericis
1085 1671 1216 1737 scholiis
1244 1670 1284 1734 ad
1308 1675 1341 1734 X
1359 1669 1415 1734 69:

243 1780 452 1866 πυλαωρούς·
472 1777 684 1865 Ἀρίσταρχος
707 1780 921 1866 θυραωρούς,
943 1780 1193 1865 θυροφύλακας.
1245 1775 1307 1842 Sed
1329 1798 1416 1860 aper·

245 1887 316 1948 tum
348 1888 397 1949 ost
429 1883 654 1950 Aristarchum
687 1886 817 1951 omnino
852 1907 919 1950 non
954 1885 1115 1950 curavisse
1151 1883 1416 1970 significationem

244 1992 332 2056 vocis
352 1994 420 2078 ἀρρ
428 1990 463 2079 1),
485 1995 589 2057 totam
612 2014 687 2058 vero
711 1993 776 2057 vim
799 1993 975 2057 sententiae
994 1992 1063 2057 eius
1086 1992 1189 2056 inesse
1207 1991 1242 2055 in
1260 2013 1308 2079 ao,
1330 1990 1417 2075 quod

242 2121 302 2182 pro
329 2102 540 2187 πυλαωρούς
563 2100 658 2165 iussit
681 2101 900 2187 θυραωρούς
923 2099 1041 2164 scribis
1068 2097 1134 2164 Cur
1157 2102 1263 2164 autem
1286 2098 1355 2163 hac
1378 2099 1416 2164 de

243 2227 278 2269 re
301 2205 526 2293 disputaverit,
553 2228 639 2271 nunc
662 2228 790 2292 quoque
812 2207 1049 2271 demonstratur
1073 2205 1204 2271 scholiis
1227 2204 1417 2299 Homericis,

244 2334 326 2397 quae
352 2312 479 2378 minora
504 2313 671 2401 leguntur,
690 2298 739 2378 'ad
761 2314 896 2379 cundem
918 2336 1055 2398 versum,
1078 2313 1136 2378 ubi
1158 2313 1236 2377 haec
1259 2313 1418 2378 sententia

244 2420 406 2484 immerito
425 2418 610 2485 Herodiano
633 2425 683 2485 est
706 2421 876 2486 attributa:
896 2419 1102 2509 Ἡρωδιανὸς
1120 2423 1321 2506 θυραωρούς
1338 2421 1417 2503 γρά-
1473 2435 1478 2438 “

244 2545 312 2610 φει·
336 2529 461 2603 πύλας
483 2529 554 2612 νάρ
580 2525 641 2591 ἐπὶ
664 2528 816 2592 πόλεών
839 2543 952 2610 φησιν.
997 2524 1097 2590 Nulla
1119 2546 1196 2610 ergo
1215 2525 1305 2590 adest
1323 2526 1417 2610 ratio,

244 2653 300 2696 cur
331 2632 392 2697 hoc
423 2633 639 2717 fragmentum
671 2633 884 2698 attribuamus
915 2631 1113 2698 Aristarcho
1143 2669 1185 2678 -
1212 2630 1334 2697 Eadem
1365 2654 1416 2696 res
1531 2715 1532 2718 Ἴ

244 2742 293 2802 est
321 2737 359 2805 de
386 2739 567 2824 fragmento
596 2740 636 2804 ad
658 2762 687 2803 v.
706 2739 798 2804 693e
827 2737 1043 2805 Choerobosci
1071 2739 1195 2804 scholio
1217 2739 1341 2831 aaut,
1362 2738 1416 2804 14:

233 2830 283 2910 ⁴adr
311 2842 348 2910 δὲ
376 2840 490 2931 φορτί’
520 2845 750 2931 ἀραυρωθείη·
778 2848 818 2911 τὰ
847 2842 883 2911 δὲ
907 2849 1028 2932 φορτία
1051 2845 1224 2931 ἀφανισθῇ
1247 2843 1302 2910 καὶ
1326 2843 1417 2910 ἐλατ-

245 2959 353 3038 raca·
385 2953 524 3017 δύναται
555 2949 592 3017 δὲ
615 2950 774 3018 καὶκατὰ
797 2953 1008 3038 συναλοιφὴν
1031 2952 1165 3018 ἀκούειν
1188 2952 1416 3037 ἀραυρωθείυ·

244 3060 384 3125 δύναται
408 3056 445 3124 δὲ
467 3057 523 3125 καὶ
545 3066 723 3147 μαυρωθῇ·
746 3058 801 3126 καί
824 3061 887 3148 γάρ
911 3059 948 3126 ἐν
970 3061 1096 3138 ἀλλοις·

563 3182 646 3250 Ῥείά
668 3208 703 3250 τε
725 3210 784 3270 μιν
806 3194 972 3282 μαυροῦσι
994 3189 1080 3250 θεοί.

244 3307 330 3384 Quae
361 3309 459 3374 verba
491 3331 564 3374 cum
593 3307 774 3374 asisfordio
805 3315 948 3375 correcta
977 3308 1159 3375 Aristarchi
1188 3308 1417 3375 commentario

244 3436 300 3478 cur
327 3414 536 3480 vindicaverit
563 3414 728 3503 Flachius,
754 3417 875 3481 frustra
902 3438 941 3481 ox
967 3440 1018 3483 me
1047 3439 1193 3503 quaeres3
1221 3417 1347 3481 nullum
1370 3437 1418 3481 ac·

244 3521 343 3604 cipies
367 3542 564 3603 responsum.
610 3521 705 3587 Hunc
727 3523 763 3586 in
785 3523 917 3587 modum
940 3525 967 3588 si
990 3523 1223 3610 progredimur,
1245 3543 1417 3607 possumus

244 3627 274 3690 ei
299 3625 459 3690 vindicare
483 3627 590 3691 omnia
613 3624 828 3694 Choerobosci
852 3630 981 3694 scholia.
1026 3628 1089 3694 Sed
1106 3630 1243 3695 maxime
1262 3628 1418 3712 displicet,

245 3732 331 3816 quod
340 3733 437 3797 ctiam
448 3733 606 3798 scholium
615 3732 832 3801 Choerobosci
842 3736 882 3801 ad
891 3759 920 3801 v.
929 3736 1003 3820 826,
1014 3735 1100 3819 quod
1109 3740 1159 3800 est
1168 3734 1416 3818 p.447‚17-18

244 3838 349 3903 voluit
381 3861 448 3904 esse
475 3841 692 3924 fragmentum
718 3841 901 3907 Aristarchi
928 3840 1091 3906 Flachius:
1126 3843 1215 3906 τάων
1238 3840 1417 3923 εὐδαίμων·

244 3947 375 4023 τούτοις
402 3948 423 4011 δ
429 3980 437 4017 ι
465 3946 627 4030 ἐσιάγουσί
651 3971 740 4025 τινες
766 3948 828 4031 τὴν
854 3948 1148 4034 ὀρνιθομαυτείαν,
1178 3948 1274 4012 ἀτινα
1301 3945 1418 4012 Ἀπολ-

244 4054 364 4129 λώνιος
391 4051 409 4118 ὁ
428 4051 552 4130 Ῥόδιος
579 4053 701 4119 ἀθετεῖ.
746 4051 831 4118 Nam
858 4053 936 4118 haec
959 4053 987 4118 si
1010 4058 1094 4118 esset
1116 4053 1213 4143 ratio,
1237 4074 1300 4138 qua
1322 4052 1417 4117 nobis

243 4160 437 4245 fingeremus
470 4182 551 4244 opus
584 4160 714 4244 aliquod
746 4164 858 4226 contra
889 4182 1015 4226 omnem
1046 4161 1199 4226 traditam
1230 4160 1418 4225 memoriam

334 4374 360 4442 1)
378 4371 421 4426 Nc
446 4374 475 4426 te
503 4369 587 4426 fallat
614 4370 687 4425 illud
714 4372 928 4442 torcellanus!
965 4370 1043 4427 Haec
1065 4374 1109 4426 est
1135 4370 1249 4440 Didymi
1272 4369 1347 4425 vocis
1370 4386 1417 4425 ex-

243 4458 379 4530 placatio.
