3366 5168
259 304 323 368 126
455 302 607 358 Aristonici
626 303 689 372 περ1
708 299 828 373 σημείων
845 298 1042 356 τοῦἩοιόὸον
1060 301 1227 371 fragmenta.

259 467 396 531 fortasse
413 471 445 530 et
460 467 499 531 ad
512 466 617 532 locum
631 465 794 550 integrum
808 469 877 530 erat
890 465 1018 551 signum
1033 486 1091 548 pro
1105 463 1314 528 Boeotiorum
1329 485 1434 528 exem-

257 573 349 657 plari,
372 573 463 638 ouius
483 573 706 637 auctoritatem
729 572 764 636 in
787 571 955 656 permultis
978 572 1074 635 rebus
1098 570 1211 635 dubito
1235 593 1277 634 an
1300 575 1430 635 secutus

257 680 315 765 sit,
345 702 408 764 qua
431 682 499 743 erat
522 679 590 743 eius
614 679 732 743 eximia
755 678 923 763 diligentia
945 679 980 741 16
1003 676 1237 762 antiquissimis
1260 676 1353 741 libris
1378 676 1430 742 ad-

256 786 412 851 hibendis.
457 784 554 850 Tanti
577 789 685 850 autem
708 784 858 868 ponderis
881 785 981 849 fuisse
1003 784 1123 848 librum
1145 783 1334 867 plumbeum
1356 783 1429 849 Ari-

256 892 392 977 starcho,
424 895 461 955 ut
493 914 566 956 eum
598 896 727 956 secutus
755 891 874 956 deleret
902 891 1009 956 decem
1031 912 1159 974 versus,
1191 913 1261 954 eam
1289 891 1330 955 ob
1361 913 1430 956 rem

256 1019 348 1084 nege,
372 998 459 1082 quod
481 998 533 1063 vel
556 999 590 1062 in
613 997 830 1062 adiudicandis
853 996 996 1063 Hesiodo
1015 997 1202 1082 Theogonis
1221 1002 1253 1062 et
1272 995 1429 1082 Catalogo

256 1106 295 1170 ab
319 1104 497 1170 Heliconiis
526 1105 744 1169 dissentiebat.
794 1105 947 1169 Errorem
975 1108 1083 1168 autem
1105 1102 1212 1168 Procli
1235 1104 1281 1168 616
1305 1104 1430 1187 expedi-

255 1213 367 1298 verim,
384 1215 421 1275 ut
441 1211 544 1275 dicam
561 1210 736 1276 Plutarcho
759 1212 828 1276 iure
851 1212 1031 1276 affirmante
1051 1212 1090 1275 ab
1109 1209 1299 1275 Aristarcho
1319 1210 1430 1296 signa

257 1340 326 1382 esse
355 1322 508 1382 annotata
536 1319 576 1382 ad
603 1322 709 1383 totum
740 1319 955 1405 prooemium,
981 1317 1131 1383 Proolum
1162 1340 1239 1382 voce
1274 1317 1359 1403 signi
1391 1317 1429 1380 de
1559 1347 1566 1351 ·
1666 1308 1667 1315 ¹

257 1425 368 1489 obelo
396 1424 559 1489 intellecta
587 1425 746 1489 artissime
778 1425 981 1490 coniunxisse
1013 1423 1225 1508 Praxiphanis
1256 1446 1328 1488 cum
1357 1421 1430 1487 Ari-

257 1530 378 1594 starchi
405 1532 606 1596 sententiam.
660 1530 821 1615 Quidquid
848 1536 912 1612 est,
944 1553 1010 1597 non
1037 1531 1165 1618 dubito,
1197 1531 1275 1615 quin
1301 1530 1363 1595 hoc
1391 1551 1430 1593 ex
1461 1540 1470 1555 ⁶

257 1637 346 1702 fonte
377 1638 439 1702 iste
472 1659 561 1702 error
593 1640 628 1702 in
659 1642 770 1702 nostra
801 1637 923 1702 scholia
952 1642 1150 1724 propagatus
1183 1637 1235 1702 sit.
1270 1675 1308 1684 -
1343 1636 1430 1714 Quae

257 1766 329 1809 cum
360 1745 408 1809 ita
439 1745 518 1829 sint,
549 1744 625 1810 11661
656 1746 752 1810 etiam
786 1745 825 1809 ad
847 1746 917 1810 62
944 1768 961 1810 6
994 1745 1116 1810 scholio
1144 1741 1360 1809 Ohoerobosei
1392 1743 1430 1808 ol.
1552 1796 1556 1800 .

259 1851 390 1917 scholiis
407 1851 654 1917 Monacensibus
675 1852 773 1937 (apud
787 1852 967 1918 Usenerum
980 1851 1041 1916 Rh.
1056 1850 1099 1915 M.
1113 1849 1216 1934 XXII,
1229 1873 1259 1934 p.
1273 1850 1337 1916 591
1358 1872 1431 1914 oum

258 1959 478 2023 emendatione
508 1958 644 2042 Flachii,
672 1960 728 2043 qui
755 1960 851 2025 iussit
882 1959 979 2024 scribi
1008 1960 1080 2043 ὅτι,
1111 1958 1176 2023 soil.
1201 1968 1350 2045 σημεῖον,
1380 1959 1430 2023 ὅτι

258 2067 420 2151 γράφεται
448 2068 542 2131 δεῦτε
570 2066 616 2148 δή
643 2066 738 2130 nixus
769 2066 891 2130 scholio
915 2063 1114 2152 Monacensi)
1143 2062 1320 2128 Aristonici
1347 2064 1431 2148 frag·

257 2174 401 2235 mentum
424 2173 606 2257 restituere,
635 2173 721 2256 quod
743 2194 815 2236 oum
838 2176 924 2236 recte
946 2170 1162 2256 perspexisset
1185 2170 1351 2255 Flaohius,
1373 2170 1431 2234 mi·

258 2301 329 2342 rum
353 2282 403 2344 est
426 2278 584 2343 athetesin
608 2279 637 2343 ei
660 2302 730 2343 esse
753 2279 990 2363 6161161661.-
1011 2278 1072 2344 His
1092 2278 1170 2342 adde
1190 2277 1431 2342 Choerobosoea

257 2385 297 2448 ad
325 2407 354 2448 v.
378 2385 399 2447 2
421 2408 451 2469 p.
476 2385 562 2473 39,7
592 2383 644 2472 (de
676 2407 752 2449 voce
785 2383 976 2472 σφέτερον),
1007 2385 1047 2450 ad
1073 2408 1101 2449 v.
1125 2384 1146 2449 5
1174 2383 1228 2472 (de
1256 2406 1332 2449 voce
1363 2383 1431 2471 ῥέα,

256 2495 387 2575 propter
415 2489 582 2575 Apollonii
609 2491 700 2556 illam
727 2491 980 2580 adnotationem,
1012 2493 1051 2556 of.
1073 2492 1171 2556 huius
1198 2491 1272 2554 diss.
1296 2489 1361 2575 III,
1387 2489 1430 2578 1),

259 2597 395 2681 denique
410 2620 490 2682 quae
506 2602 581 2662 sunt
597 2597 636 2661 ad
649 2621 677 2663 v.
691 2598 732 2661 10
746 2599 784 2663 de
798 2599 988 2682 pronomine
1001 2601 1083 2683 τύνη
1098 2623 1128 2683 p.
1144 2598 1197 2680 44,
1212 2600 1241 2681 8,
1256 2597 1327 2662 coll.
1342 2597 1431 2663 scho-

258 2705 312 2769 liis
340 2703 521 2769 Homericis
546 2705 657 2770 2262
681 2709 713 2769 61
740 2709 771 2770 T
787 2705 836 2769 10.
862 2744 900 2752 -
930 2704 983 2770 Ad
1011 2729 1040 2770 v.
1061 2708 1080 2772 8
1109 2708 1178 2769 erat
1207 2704 1335 2791 signum
1358 2701 1431 2767 Ari-

260 2812 380 2877 starchi
409 2816 441 2876 et
468 2809 646 2876 Aristonici
674 2811 762 2876 vocis
789 2810 923 2897 βρέμειν
946 2811 1133 2898 explicatis,
1163 2811 1254 2876 ouius
1277 2810 1431 2894 reliquiae

258 2919 400 2983 nuncin
423 2917 555 2982 scholiis
578 2916 795 2982 Choerobosci
818 2940 848 3001 p.
867 2917 920 3001 41,
939 2918 959 2981 2
983 2922 1167 3004 supersunt,
1190 2918 1224 2981 id
1247 2917 1333 3001 quod
1355 2939 1431 2983 voce

259 3029 383 3110 κυρίως
406 3046 465 3107 pro
489 3025 539 3089 ὅτι
562 3027 686 3107 κυρίως
708 3024 815 3108 posita
838 3024 918 3088 satis
942 3023 1220 3112 demonstraturl).
1270 3023 1339 3090 Nea
1365 3047 1432 3090 non

257 3153 286 3214 p.
306 3130 359 3214 42,
375 3129 406 3215 9,
429 3129 486 3193 ubi
504 3128 666 3194 Homerus
689 3133 892 3212 comparatur
915 3151 988 3193 eum
1006 3128 1158 3217 Hesiod0,
1177 3132 1306 3218 signum
1327 3136 1432 3197 exstat

257 3234 473 3300 certissimum
505 3233 687 3300 Aristarchi
723 3238 868 3320 σημείων
900 3240 932 3300 61
964 3234 1141 3302 Aristonici
1173 3238 1430 3322 explicationum.

257 3341 320 3407 Sed
347 3342 383 3405 in
408 3342 488 3425 ipsis
518 3342 625 3406 verbis
652 3342 825 3428 fragmenti
852 3343 1060 3407 restituendis
1086 3345 1160 3428 plus
1188 3346 1273 3410 inest
1296 3345 1430 3411 difficul-

257 3448 336 3511 tatis
361 3469 457 3531 quam
481 3448 553 3513 aliis
576 3448 670 3535 locis,
696 3449 760 3514 nisi
784 3449 860 3534 quid
883 3450 1071 3515 adiuvamur
1095 3451 1225 3516 scholiis
1248 3452 1429 3518 Homericis

260 3554 431 3639 similibus,
445 3576 526 3638 quae
542 3578 639 3640 supra
648 3579 678 3641 p.
691 3556 754 3620 124
765 3556 868 3621 attuli.
883 3595 924 3603 -
944 3555 997 3621 Ad
1010 3581 1038 3622 v.
1056 3558 1094 3622 11
1112 3558 1278 3623 adnotavit
1291 3557 1432 3624 Aristar-

258 3660 337 3725 ohus
358 3660 494 3748 signum,
518 3663 551 3727 id
574 3663 660 3748 quod
684 3663 786 3728 elucet
810 3686 827 3728 e
850 3663 973 3729 scholio
993 3662 1207 3730 Choerobosci
1227 3689 1256 3750 p.
1271 3665 1324 3751 45,
1341 3667 1370 3753 1,
1389 3667 1428 3730 ab

255 3765 442 3833 Aristonico
460 3769 522 3835 hoc
541 3771 635 3836 modo
654 3771 861 3857 explicatum:
885 3771 937 3836 ὅτι
956 3771 1156 3855 λαμβάνεται
1172 3770 1302 3857 ἑαυτοῦ,
1318 3772 1430 3855 ἐπειδὴ

257 3874 293 3940 ἐν
324 3885 364 3960 τῇ
399 3880 561 3965 Θεογονίᾳ
593 3876 635 3962 (v.
660 3878 740 3962 225)
773 3882 854 3963 μίαν
885 3876 1044 3961 γέννησιν
1076 3877 1267 3964 παρέδωκεν
1300 3878 1429 3963 ἐρίδων.

256 3981 319 4047 Sed
340 3982 404 4047 nisi
428 3985 554 4069 egregie
573 3984 677 4067 fallor,
700 3984 762 4048 hoo
780 3985 851 4049 1666
869 4006 936 4049 666
953 3983 1117 4049 1616116616
1135 3986 1285 4071 magistri
1303 3987 1429 4051 ratione

254 4087 459 4154 Aristonicus
484 4092 615 4175 διπλῆν,
634 4113 698 4174 qua
716 4091 868 4154 utebatur
887 4090 941 4155 ille
959 4092 1042 4177 πρὸς
1060 4094 1119 4169 τὰς
1136 4096 1288 4170 ποικίλας
1306 4096 1428 4178 χρείας,

346 4339 371 4406 1)
390 4336 432 4391 De
451 4336 553 4406 quibus
572 4336 642 4392 artis
660 4336 806 4392 vocabulis
821 4337 855 4395 cf.
866 4337 1021 4408 Lehrsium,
1036 4339 1071 4393 de
1085 4338 1243 4393 Aristarchi
1257 4339 1331 4396 stud.
1346 4340 1427 4395 Hom.

254 4444 281 4498 p.
298 4430 384 4494 3sqq.
404 4426 433 4478 61
450 4424 605 4495 Flachium,
625 4425 714 4481 (11666.
734 4426 792 4481 und
811 4426 902 4483 Schol.
921 4446 948 4498 p.
964 4434 997 4483 98
1008 4446 1048 4497 sq.
