3366 5168
326 389 390 454 132
519 387 671 444 Aristonici
688 388 752 457 napi
771 385 890 458 σημείων
908 396 958 443 τοῦ
973 385 1104 443 Ἡσιόδου
1122 387 1290 458 fragmenta.

324 551 531 619 Aristarchus
554 551 656 638 igitur
679 551 748 616 sine
771 550 869 616 dubio
893 551 1002 635 posuit
1021 552 1149 637 signum
1168 573 1273 638 suum,
1289 541 1495 617 Aristonicus

324 663 431 724 autem
459 658 497 722 de
524 680 620 722 versu
643 656 807 751 disseruit3
830 657 884 721 sed
908 657 985 743 quid
1008 657 1133 743 dixerit,
1156 659 1325 724 nescimus.
1370 658 1495 723 Plutar-

324 766 433 830 cheam
460 765 557 829 huius
587 787 699 829 versus
730 764 1030 848 interpretationem
1054 764 1235 829 invenimus
1265 765 1299 829 in
1327 765 1494 831 Procliano

321 872 419 936 huius
449 893 561 936 versus
586 870 722 955 scholi03
745 871 796 935 cui
824 870 927 935 simile
950 870 1072 954 aliquid
1089 871 1227 937 fortasse
1250 872 1348 936 etiam
1370 868 1494 937 Aristo·

321 978 412 1042 nicus
439 977 661 1062 Didymusque
691 976 944 1062 disputaverunt.
994 975 1073 1041 lude
1100 999 1157 1060 per
1180 978 1301 1043 scholia
1323 980 1495 1044 veterrima

321 1084 355 1148 in
383 1082 599 1149 Ohoerobosei
627 1084 890 1149 commentarium
920 1087 991 1148 tota
1018 1083 1195 1167 disputatio
1224 1085 1384 1170 pervenit,
1414 1087 1494 1150 mul-

321 1194 392 1255 tum
413 1190 477 1254 nisi
501 1190 597 1254 fallor
620 1190 717 1255 abeo
740 1193 873 1274 mutata,
898 1191 973 1275 quia
995 1189 1047 1254 hic
1069 1193 1183 1255 nostra
1205 1191 1270 1255 iam
1292 1193 1426 1277 vulgata
1447 1215 1493 1257 re-

320 1298 470 1362 censione
492 1319 570 1362 usus
597 1320 666 1362 rem
694 1301 798 1361 totam
821 1318 887 1361 non
910 1297 990 1361 satis
1013 1297 1198 1382 intellegere
1220 1298 1336 1382 potuit.
1380 1297 1493 1383 Itaque

321 1404 487 1469 adnotavit
510 1404 579 1491 ille,
602 1403 653 1468 cui
676 1404 825 1487 peritiam
842 1403 939 1468 huius
957 1404 1003 1468 rei
1021 1425 1088 1468 non
1108 1404 1293 1490 denegabis,
1310 1405 1345 1468 in
1363 1404 1493 1489 quibus-

321 1510 393 1575 dam
415 1510 518 1597 libris,
542 1532 622 1595 quos
641 1511 790 1576 meliores
809 1511 947 1575 fortasse
967 1510 1058 1595 dixit,
1076 1510 1110 1574 id
1128 1510 1214 1594 quod
1233 1510 1297 1575 alio
1316 1511 1388 1575 loco
1407 1512 1492 1594 apud

319 1615 530 1681 Eustathium
553 1620 715 1682 servatum
737 1617 926 1701 invenimus,
947 1617 1013 1702 legi
1036 1619 1180 1700 φύλακες
1203 1623 1341 1701 θνητῶν
1360 1618 1491 1704 ἀνθρώ-

319 1744 392 1788 πων
415 1746 473 1808 prc
496 1725 639 1810 μάκαρες
661 1727 792 1808 θνητοί.
833 1723 938 1788 Docta
961 1728 1068 1789 autem
1091 1725 1170 1812 eius,
1187 1745 1269 1808 quae
1288 1725 1491 1810 sequebatur,

320 1828 524 1895 adnotatione
547 1831 588 1895 ab
612 1830 853 1914 excerptoribus
877 1830 1048 1895 brevitatis
1072 1853 1111 1895 ex
1135 1830 1242 1894 studio
1267 1830 1387 1895 omissa
1408 1830 1492 1895 nihil

318 1937 383 2000 iam
410 1940 513 2002 restat
539 1937 603 2002 nisi
625 1937 707 2001 illud
730 1962 780 2023 γρ.
804 1938 957 2022 φύλακες.
982 1976 1024 1984 -
1049 1936 1141 2014 Quod
1164 1937 1310 2021 sequitur
1333 1937 1491 2021 fragmen-

318 2046 388 2107 tum
411 2043 496 2129 apud
514 2043 681 2108 Flachium
704 2066 721 2108 e
745 2043 867 2109 scholio
891 2067 922 2128 p.
943 2044 1015 2129 129,
1029 2044 1070 2108 21
1096 2044 1136 2108 ad
1158 2066 1186 2108 v.
1203 2042 1266 2107 145
1286 2042 1435 2127 petitum,
1456 2043 1491 2106 in

318 2170 356 2212 eo
398 2170 457 2234 ego
500 2171 627 2235 quoque
662 2150 953 2215 Alexandrinorum
994 2150 1158 2216 doctrinae
1193 2150 1346 2234 reliquias
1386 2151 1490 2214 inesse

319 2253 464 2319 duxerim
491 2278 558 2321 non
584 2257 766 2342 improbato
794 2261 887 2321 textu
915 2280 934 2321 a
960 2256 1091 2324 Flachio
1119 2257 1279 2322 restituto.
1333 2257 1396 2324 Sed
1417 2254 1490 2320 Ari-

319 2361 443 2428 stonico
466 2363 528 2428 hoc
550 2364 768 2452 fragmentum
789 2385 856 2428 non
877 2363 1033 2452 tribuam,
1063 2365 1181 2449 quippe
1204 2363 1269 2450 qui,
1292 2363 1396 2450 crede,
1417 2361 1489 2427 Ari-

318 2470 438 2535 starchi
470 2471 611 2557 signum,
643 2471 703 2535 etsi
736 2492 785 2555 ea,
814 2492 894 2555 quae
922 2470 1107 2557 exponitur,
1135 2471 1260 2535 ratione
1293 2469 1489 2554 adscriptum

293 2567 296 2572 ¹
316 2577 445 2663 fuisset,
466 2599 533 2642 non
550 2578 598 2641 ita
620 2575 719 2640 fuerit
737 2576 962 2663 explicaturus
985 2577 1095 2662 itaque
1113 2576 1261 2662 equidem
1279 2577 1359 2641 talia
1380 2576 1488 2661 potius

317 2681 486 2767 Didymen
499 2683 729 2749 commentario
753 2683 832 2748 dem.
880 2683 979 2748 Recte
1002 2687 1109 2748 autem
1131 2684 1213 2749 vidit
1235 2682 1385 2748 Flachius
1407 2684 1489 2747 hanc

317 2790 569 2875 disputationem
590 2789 682 2854 valde
705 2789 876 2854 abhorrere
900 2791 939 2854 ab
963 2789 1020 2854 illa
1042 2789 1217 2855 Procliana.

405 2895 456 2961 Ad
484 2920 512 2961 v.
535 2896 597 2962 158
626 2897 661 2961 in
688 2896 811 2961 scholio
835 2894 1050 2961 Choerobosci
1073 2919 1104 2979 p.
1125 2895 1197 2980 135,
1215 2897 1258 2960 29
1281 2896 1489 2960 inveniuntur

317 3002 435 3067 similia
467 3002 621 3086 quaedam
649 3002 728 3087 illis,
761 3024 842 3085 quae
873 2999 1051 3066 Aristonici
1082 3001 1118 3064 in
1145 3000 1246 3085 signis
1272 2997 1488 3063 Aristarcheis

317 3109 357 3172 ad
379 3106 512 3171 Iliadem
539 3106 739 3194 explicatis1)
769 3110 844 3170 sunt
871 3107 1011 3190 propria.
1065 3104 1208 3169 Fuerunt
1236 3125 1312 3189 ergo
1340 3103 1489 3168 adhunc

316 3235 460 3298 versum,
482 3235 555 3277 cum
579 3216 704 3278 constet
726 3212 951 3276 Aristarchum
973 3213 1009 3275 in
1031 3211 1293 3276 adnotationibus
1316 3210 1412 3274 huius
1436 3230 1488 3295 ge

315 3321 401 3384 neris
426 3319 487 3384 sibi
511 3341 635 3404 semper
658 3320 723 3383 fere
746 3318 941 3405 constitisse,
964 3321 996 3382 et
1019 3319 1087 3383 eius
1111 3319 1240 3404 signum
1259 3321 1291 3382 et
1308 3314 1487 3382 Aristonici

317 3424 497 3508 explicatio.
524 3463 561 3471 —
587 3425 621 3491 P.
643 3426 749 3514 137,7
769 3425 809 3490 ad
826 3447 855 3490 v.
871 3424 934 3490 169
957 3425 1096 3490 traditur
1116 3424 1268 3491 athetesis
1288 3424 1487 3510 quorundam

316 3553 479 3618 versuum,
503 3531 566 3596 169
582 3554 627 3616 sq.
652 3532 732 3619 scil,
756 3532 784 3596 si
806 3531 903 3597 verba
927 3531 1041 3597 scholii
1068 3532 1245 3620 sequimur,
1267 3531 1331 3618 vel,
1354 3536 1391 3596 ut
1418 3531 1487 3615 qui-

316 3636 453 3701 busdam
474 3637 605 3723 placuit,
627 3661 777 3704 versuum
803 3638 866 3702 172
880 3660 926 3723 sq.
971 3637 1060 3702 Infra
1083 3642 1191 3703 autem
1214 3637 1267 3727 (cf.
1291 3639 1388 3703 huius
1410 3638 1485 3702 diss.

315 3741 374 3829 III,
391 3741 426 3830 4)
456 3765 627 3829 cognosces
654 3768 721 3810 non
748 3745 801 3830 agi
828 3745 864 3809 in
886 3743 1009 3809 scholio
1033 3743 1071 3808 de
1097 3743 1148 3808 his
1175 3745 1321 3810 versibus
1349 3744 1485 3829 proscri-

314 3849 441 3938 bendis,
476 3851 575 3917 immo
612 3852 650 3916 de
685 3852 845 3937 versibus,
882 3850 938 3935 qui
974 3851 1009 3914 in
1043 3854 1156 3915 nostra
1195 3852 1379 3918 recensione
1419 3872 1485 3915 nou

314 3956 480 4042 leguntur,
507 3958 571 4022 nisi
598 3959 684 4042 quod
711 3981 794 4024 unus
822 3980 860 4024 cx
887 3957 934 4022 eis
965 3954 1060 4044 (169)
1087 3979 1171 4021 nunc
1199 3961 1304 4023 exstat
1331 3958 1367 4022 in
1393 3961 1485 4021 textu

316 4063 372 4147 qui
393 4062 559 4149 vulgatum
583 4064 638 4128 sed
661 4087 785 4130 summa
806 4065 909 4129 fertur
931 4063 1058 4128 iniuria.
1103 4062 1165 4140 Qui
1184 4064 1344 4148 quomodo
1363 4065 1484 4128 factum

316 4169 359 4233 sit
381 4173 418 4233 ut
440 4168 476 4232 in
497 4174 626 4236 nostros
650 4171 753 4236 libros
779 4170 1008 4235 transferretur
1030 4170 1235 4258 immerito,
1257 4170 1410 4255 explicari
1432 4191 1485 4232 ne·

404 4418 430 4484 1)
445 4414 485 4470 cf.
500 4413 608 4468 scholia
620 4413 769 4470 Homerica
778 4420 800 4469 A
809 4421 852 4484 32,
867 4420 893 4469 Δ
902 4421 963 4487 277,
978 4422 1030 4471 324
1044 4420 1074 4472 et
1086 4415 1297 4472 Friedlaenderi
1311 4414 1482 4487 „Aristonici

313 4502 430 4571 reliqu.“
450 4508 519 4557 1853
537 4521 564 4572 p.
580 4508 622 4558 30.
