3366 5168
262 326 326 392 124
508 326 553 383 De
567 323 723 380 Aristarchi
740 323 771 377 in
788 321 942 378 Hesiodum
960 324 1175 380 commentariis.

258 491 383 575 hocque
413 491 628 574 fragmentum
664 487 739 552 talis
772 487 878 571 operis
911 486 1112 575 duceremus,
1148 489 1236 573 quod
1267 488 1305 552 de
1336 488 1433 554 huius

262 595 463 683 grammatici
491 595 650 660 sententia
681 594 819 678 potuit·
843 597 1025 678 temporum
1051 617 1110 678 pro
1133 596 1259 660 ratione
1281 595 1434 660 iudicium

259 704 343 768 ferre
364 701 586 788 Aristarchus,
619 700 731 785 quidni
757 701 836 765 item
863 701 937 766 11188
964 699 1194 784 Aristophanis
1223 706 1255 767 et
1283 700 1433 787 Cratetis,

259 808 486 874 Eratosthenis
513 813 546 873 81
571 806 749 873 Callistrati
777 808 952 872 8881881188
977 829 1074 892 supra
1096 808 1211 873 allatas
1234 807 1433 873 Aristarchei

259 914 479 981 commentarii
506 915 697 1000 fragmentis
725 915 883 979 attribuat
905 913 1071 1002 Flachius,
1093 915 1206 1000 quidni
1228 915 1433 1001 [theogoniae

261 1022 382 1088 scholia
404 1022 445 1086 ad
466 1044 495 1087 v.
516 1022 580 1086 126
605 1025 636 1086 81
659 1044 687 1086 v.
709 1022 772 1087 142
795 1025 926 1107 propter
949 1022 1083 1087 eundem
1107 1019 1278 1107 Cretatam,
1301 1023 1341 1087 ad
1364 1022 1432 1088 86

259 1134 291 1194 81
309 1151 338 1194 v.
354 1129 417 1193 116
436 1132 568 1213 propter
583 1127 738 1193 Zenodoti
758 1129 949 1193 sententiam
966 1128 1138 1216 laudatam,
1160 1132 1279 1214 quippe
1293 1131 1349 1214 qui
1363 1131 1432 1215 ipse

262 1237 383 1321 optime
410 1236 675 1302 demonstraverit
703 1235 807 1303 611888.
836 1241 868 1302 81
895 1236 1000 1302 Schol.
1023 1260 1053 1322 p.
1075 1238 1139 1303 110
1149 1261 1194 1322 sq.
1222 1238 1308 1303 hunc
1335 1236 1433 1302 Zeno·

259 1344 372 1409 dotum
396 1366 466 1409 esse
487 1343 688 1428 Ephesium?
725 1343 764 1408 In
782 1344 834 1408 his
853 1365 928 1408 8888
947 1345 1072 1409 8881188
1091 1348 1123 1408 81
1141 1345 1260 1410 rectius
1279 1344 1432 1410 iudicavit

260 1473 356 1535 quam
384 1450 422 1514 de
450 1472 514 1515 uno
541 1450 599 1515 illo
626 1450 697 1516 loco
721 1473 819 1534 supra
841 1451 957 1534 posito.
1003 1451 1090 1518 Nam
1111 1452 1270 1538 fingamus
1293 1451 1355 1515 hoc
1377 1450 1432 1515 ali·

259 1555 346 1639 quod
374 1578 454 1641 opus
477 1554 665 1622 Aristarchi.
715 1556 874 1622 Adesscnt
904 1557 972 1621 8188
999 1557 1097 1624 dubio
1121 1558 1155 1622 in
1179 1580 1216 1624 eo
1240 1562 1272 1623 et
1295 1557 1432 1623 aliorum

258 1661 389 1727 illorum
416 1663 698 1748 grammaticorum
726 1663 903 1729 sententiae
931 1668 963 1728 et
990 1662 1158 1748 Apollonii
1186 1687 1224 1729 ex
1247 1686 1358 1729 eorum
1381 1686 1432 1747 pe·

259 1768 432 1835 culiaribus
466 1771 594 1854 scriptis
622 1770 674 1835 vel
701 1770 940 1835 recessionibus
968 1771 1102 1856 petitae,
1133 1775 1170 1835 ut
1198 1770 1236 1834 de
1263 1770 1309 1833 eis
1338 1791 1432 1834 suum

257 1877 356 1941 ferret
383 1877 536 1943 iudicium
563 1875 780 1943 Aristarchus.
831 1876 932 1954 Quem
960 1876 1081 1941 librum
1104 1878 1161 1962 qui
1183 1876 1365 1960 exscripsit,
1390 1914 1431 1923 -

258 1984 416 2068 siquidem
444 1984 665 2068 exscripsisset
693 1984 864 2068 quisquam
886 2022 943 2069 -,
974 2006 1052 2048 uum
1083 1984 1146 2048 tibi
1178 1982 1353 2049 verisimile
1383 1986 1431 2048 cst

258 2112 331 2155 eum
350 2090 470 2176 ubique
488 2090 733 2176 diligentissime
753 2090 929 2155 sententias
946 2091 1228 2175 grammaticorum
1241 2088 1431 2154 Aristarcho

259 2196 429 2283 minorum,
451 2195 633 2262 Aristarchi
656 2198 758 2281 ipsius
783 2196 959 2262 sententias
981 2219 1022 2262 88
1045 2220 1109 2262 uno
1136 2196 1264 2281 quidem
1286 2196 1357 2261 loco
1381 2219 1431 2260 ex·

260 2303 456 2387 scripturum
487 2304 608 2370 fuisse?
653 2302 707 2369 An
742 2304 828 2368 dicas
856 2304 1006 2369 omnibus
1033 2304 1100 2368 11118
1127 2303 1207 2368 18818
1236 2301 1432 2367 scholiorum

259 2410 381 2495 perisse
416 2410 598 2476 Aristarchi
633 2433 764 2496 nomen,
796 2410 886 2475 nullo
918 2412 1050 2477 nomine
1081 2410 1365 2497 grammaticorum
1394 2432 1431 2474 eo

258 2517 441 2583 minorum?
475 2515 522 2584 At
541 2519 631 2584 ouius
649 2519 685 2582 in
703 2518 831 2603 scriptis
851 2518 995 2582 omnium
1013 2518 1130 2583 horum
1148 2516 1431 2604 grammaticorum

260 2625 437 2691 8881881188
459 2625 594 2711 fuerint,
626 2625 732 2690 videre
764 2625 853 2711 licet,
885 2629 934 2690 est
967 2625 1213 2690 commentarius
1245 2623 1432 2709 Didymeus,

260 2731 316 2796 ubi
349 2754 482 2816 prorsus
514 2731 645 2797 deerant
677 2730 902 2798 Aristarcheae
933 2731 1123 2816 8881881188,
1163 2732 1238 2816 quia
1270 2731 1314 2796 ab
1346 2728 1431 2795 Ari-

260 2836 416 2902 starcho
440 2839 706 2904 commentarii
729 2838 913 2904 Hesiodei
941 2838 1081 2923 scripti
1102 2860 1178 2903 non
1201 2842 1297 2902 sunt.

349 2941 498 3010 Ceterum
521 2943 711 3011 Aristarcho
733 2946 886 3011 notitiam
907 2944 1140 3010 Hesiodearum
1162 2967 1270 3009 rerum
1288 2943 1431 3009 addicere

258 3071 462 3134 nequaquam
499 3051 699 3138 dubitamus,
736 3074 808 3117 cunr
841 3073 935 3137 saepe
971 3052 1068 3117 etiam
1100 3053 1135 3117 in
1167 3052 1325 3136 excerptis
1362 3051 1430 3116 8188

259 3153 504 3222 Homericorum
542 3158 740 3243 studiorum,
773 3180 854 3243 quac
890 3157 985 3224 hodie
1020 3159 1055 3223 in
1088 3158 1219 3223 scholiis
1251 3157 1430 3223 Homericis

143 3256 151 3271 ⁰
260 3264 401 3347 exstant,
424 3261 656 3327 Hesiodearum
679 3286 787 3328 rerum
809 3286 932 3328 memor
953 3264 1064 3350 fuerit,
1091 3288 1119 3329 v.
1144 3264 1265 3329 scholia
1288 3264 1329 3329 ad
1351 3287 1380 3329 v.
1399 3271 1431 3329 A

259 3368 334 3454 222,
352 3367 467 3455 3496,
482 3368 594 3453 cles,
614 3370 717 3456 1246,
735 3374 769 3434 Κ
776 3370 852 3457 431,
870 3374 901 3434 Λ
912 3370 984 3455 750,
1004 3375 1047 3435 Μ
1053 3371 1105 3458 22,
1125 3375 1163 3435 Ν
1167 3370 1242 3456 588,
1261 3367 1432 3457 11175(?)‚

260 3474 385 3561 2100,
409 3479 443 3540 Χ
459 3474 531 3562 119,
560 3475 686 3562 Ψ683,
709 3476 814 3563 1146,
833 3477 907 3563 827,
929 3502 950 3542 α
970 3476 1021 3562 85,
1045 3477 1084 3542 81.

348 3580 419 3646 Hac
443 3581 660 3667 disputatione
682 3582 722 3647 ad
744 3583 841 3648 finem
863 3584 1019 3668 perducta
1041 3606 1079 3648 ex
1102 3583 1168 3647 11118
1191 3582 1326 3667 duobus,
1350 3605 1430 3668 quae

259 3709 318 3772 pro
351 3687 497 3754 lontibus
530 3694 657 3755 constat
688 3691 933 3756 veterrimorum
966 3690 1163 3755 scholiorum
1190 3691 1430 3775 excerptoribus

258 3794 371 3883 fuisse,
393 3794 610 3862 Aristonici
638 3802 674 3862 et
702 3796 854 3883 Didymi
879 3798 1007 3882 scriptis
1031 3819 1112 3882 quae
1140 3797 1302 3883 supersint
1329 3799 1430 3883 frag-

258 3906 384 3968 menta
407 3904 619 3970 ostendamus.

347 4007 386 4074 In
413 4009 601 4096 colligendis
623 4009 842 4075 Aristonici
868 4011 1057 4095 fragmentis
1080 4008 1230 4075 Flachius
1253 4009 1431 4095 diligentis-

261 4116 362 4181 simus
391 4120 459 4181 erat
487 4114 572 4203 (vide
599 4115 733 4181 Jahrbb.
757 4114 855 4200 CXV,
877 4139 906 4200 p.
925 4116 990 4180 437
1002 4114 1101 4205 sqq.),
1124 4116 1179 4181 sed
1205 4137 1278 4180 cum
1300 4116 1338 4182 de
1361 4138 1431 4201 per·

258 4222 369 4287 multis
400 4223 496 4288 rebus
528 4243 600 4287 cum
632 4244 669 4287 eo
701 4223 833 4309 faciam,
870 4223 908 4287 de
941 4222 1054 4288 multis
1086 4224 1158 4289 aliis
1191 4223 1231 4288 ab
1264 4243 1301 4287 eo
1335 4222 1431 4287 disoe-

259 4328 345 4416 dem,
377 4329 440 4394 alia
471 4329 604 4414 augebo
640 4367 676 4375 -
711 4326 764 4392 Ad
786 4351 814 4393 v.
836 4329 944 4394 1-10
967 4330 1001 4393 18
1023 4329 1130 4395 Procli
1153 4329 1284 4394 scholiis
1311 4353 1341 4414 p.
1360 4328 1431 4415 4,2

260 4433 305 4499 ed.
330 4432 430 4501 Gaisf.
453 4434 632 4521 traduntur,
655 4457 672 4500 8
698 4435 816 4520 quibus
839 4436 880 4501 ab
898 4434 1087 4501 Aristarcho
1106 4439 1212 4502 totum
1230 4436 1431 4523 prooemium
