3342 5168
375 269 418 323 De
436 269 551 324 scholiis
570 286 604 323 ex
622 269 715 325 Procli
733 272 762 326 et
775 270 886 326 Veteris
905 274 1052 327 comment.
1069 273 1224 344 exscriptis.
1342 275 1384 339 39

215 433 340 519 legisse.
374 431 496 497 Contra
509 433 669 497 affirmare
682 433 757 498 licet
773 456 883 499 omnes
898 436 1044 518 quamvis
1058 436 1163 501 multo
1177 437 1386 525 plenioribus,

216 545 324 605 tamen
351 543 574 624 excerptorum
602 539 845 605 collectionibus
876 563 952 606 usos
980 564 1047 606 esse
1075 543 1114 607 ad
1141 543 1385 609 similitudinem

215 651 403 712 nostrorum
440 645 635 730 compositis.
683 645 835 713 Fortasse
867 648 902 712 in
932 648 984 713 his
1017 650 1194 714 accuratius
1227 650 1384 737 disiunge·

216 754 345 839 bantur,
369 774 450 837 quae
473 753 627 837 cuiusque
644 753 831 837 interpretis
850 759 965 841 essent,
988 758 1079 819 erant
1098 756 1288 840 quibusdam
1305 757 1386 822 locis

217 861 314 925 etiam
338 860 478 924 auctoris
501 860 552 924 uel
575 863 741 925 auctorum
762 860 892 925 nomine
911 861 1039 946 signata
1052 901 1096 908 -
1109 867 1218 927 tamen
1235 863 1387 928 scholia

217 970 322 1057 erant,
352 987 419 1030 non
451 967 680 1031 commentarii.
729 966 836 1031 Huius
868 967 915 1031 rei
946 968 1049 1033 multa
1080 973 1155 1033 sunt
1188 973 1384 1055 argumenta.

216 1073 309 1149 Quod
331 1072 418 1137 enim
440 1095 538 1157 supra
560 1074 687 1158 saepius
706 1074 772 1138 iam
790 1073 1044 1139 demonstratum
1062 1078 1122 1161 est,
1144 1074 1291 1140 Tuetzam
1307 1098 1386 1141 non-

214 1202 391 1264 numquam
412 1178 519 1244 Prooli
547 1180 607 1245 sub
630 1181 759 1245 nominc
782 1203 819 1245 ea
842 1182 968 1267 afferre,
992 1204 1073 1266 quae
1095 1182 1147 1246 vel
1169 1182 1203 1246 in
1226 1183 1281 1270 eis,
1304 1205 1385 1267 quae

216 1289 354 1372 exstant,
371 1285 502 1351 scholiis
518 1287 637 1352 rectius
650 1287 881 1374 insigniuntur,
899 1289 967 1352 eius
986 1288 1032 1352 rei
1045 1288 1216 1353 manifesta
1230 1289 1384 1373 quaedam

215 1414 302 1458 nuno
333 1414 494 1476 apponam
525 1394 677 1477 exempla.
723 1392 773 1458 Ad
800 1417 828 1459 1.
854 1394 920 1457 304
947 1392 992 1481 (p.
1016 1391 1095 1482 205)
1127 1394 1225 1459 habet
1257 1394 1384 1459 Tzetza:

214 1501 445 1586 κοθούροις·
474 1502 671 1585 κακούργοις
699 1498 719 1582 ἢ
743 1498 927 1586 ἀκέντροις,
955 1500 974 1584 ἣ
1001 1502 1173 1587 κοτούροις
1195 1512 1264 1577 τοῖς
1286 1504 1385 1567 κότον

216 1608 349 1690 ἔχουσιν
378 1604 414 1671 ἐν
442 1615 480 1692 τῇ
504 1606 598 1693 ούρᾷ.
643 1605 663 1689 ί)
686 1619 756 1684 τοῖς
778 1608 922 1691 κολοβὴν
945 1610 1078 1691 ἔχουσιν
1101 1607 1206 1693 οὐρὰν
1228 1606 1283 1672 καὶ
1306 1608 1384 1674 olero-

214 1713 427 1795 κρύκτονσαν
463 1712 576 1796 αὐτήν.
626 1711 646 1795 ἢ
674 1723 744 1790 τοῖς
776 1714 980 1778 καθεύδουσι
1016 1710 1072 1778 καὶ
1105 1712 1296 1800 ἐπιτηροῦσι
1324 1716 1385 1798 τὴν

216 1820 321 1905 ὥραν,
349 1819 429 1884 ὅταν
457 1820 494 1884 αί
514 1817 666 1903 μέλισσαι
690 1817 900 1905 ἐξέρχονται,
923 1821 979 1885 ἵνα
1002 1822 1164 1896 λαθόντες
1187 1819 1324 1885 ἐσθίωσι
1346 1822 1384 1885 τό

214 1924 297 2011 μέλι.
347 1927 471 2014 τούτῳ
508 1921 578 2010 μὲν
614 1925 731 2002 αὐτὸς
768 1929 1004 2012 Προκλόθεν
1039 1924 1281 2010 κεχρημένος
1317 1932 1384 1992 κτλ.

196 2031 302 2097 'Haec
333 2035 366 2097 et
398 2031 438 2096 ab
470 2031 702 2115 interpretandi
733 2032 859 2097 ratione
895 2031 1064 2098 Proeliana
1101 2032 1205 2097 aliena
1236 2036 1312 2097 sunt
1352 2037 1385 2098 et

214 2142 340 2223 practer
363 2138 511 2203 Taetzam
533 2142 660 2203 servata
683 2138 743 2202 sub
767 2141 882 2216 ἄλλως.
924 2138 1007 2203 Tum
1030 2139 1070 2203 ad
1090 2161 1118 2203 1.
1138 2139 1203 2205 378
1227 2136 1270 2225 (p.
1290 2136 1385 2224 239):

214 2246 254 2310 οί
282 2244 371 2330 περὶ
403 2247 586 2330 Πρόκλον
621 2242 676 2311 καὶ
709 2243 925 2331 Ἀρίσταρχον
956 2244 1010 2328 ἢ)
1039 2246 1259 2330 Πλούταρχον
1291 2244 1384 2312 ἀδια-

213 2355 335 2433 νόητον
353 2354 452 2418 τοῦτό
473 2368 556 2436 φασι
574 2349 629 2416 καὶ
648 2354 809 2437 τιεριττόν.
848 2350 911 2434 ἐγὼ
936 2350 976 2417 δέ
996 2376 1081 2437 φημι
1104 2356 1181 2416 λίαν
1203 2354 1385 2429 καλλίστοις

214 2461 302 2542 ἔχειν
325 2459 413 2524 αὐτό.
460 2457 536 2542 Ipsa
558 2458 726 2544 athetesis,
756 2458 846 2523 cuius
876 2458 941 2522 iam
964 2479 1062 2542 supra
1088 2458 1285 2523 mentionem
1311 2458 1384 2523 feci·

213 2586 296 2649 mus,
319 2587 338 2628 a
360 2567 468 2629 vetere
490 2564 666 2646 interprete
688 2564 808 2630 tradita
831 2569 879 2629 est
903 2562 978 2652 (sub
1002 2566 1110 2642 ἄλλως
1131 2586 1161 2648 p.
1181 2561 1272 2651 238),
1293 2565 1383 2629 nullo

214 2675 324 2736 tamen
349 2670 458 2735 addito
482 2670 622 2735 auctoris
643 2671 780 2735 nomine.
816 2669 894 2736 Inde
913 2670 1027 2735 Tuetza
1049 2692 1122 2735 cum
1144 2669 1302 2735 scholium
1324 2693 1383 2754 pro

213 2777 418 2864 neglegentia
451 2798 508 2840 sua
535 2775 648 2840 Proclo
680 2776 864 2865 tribuisset,
897 2799 992 2862 quem
1022 2798 1089 2841 non
1120 2775 1292 2860 ignorabat
1319 2798 1383 2840 sae-

213 2884 346 2969 pissime
382 2882 592 2947 Plutarchum
626 2883 808 2969 nominare,
848 2905 983 2968 cumque
1018 2887 1183 2967 praeterea
1219 2881 1384 2967 cognitum

212 2991 346 3055 haberet
370 2988 597 3055 Aristarchum
619 3011 731 3054 versus
754 2990 910 3074 quosdam
933 2990 1026 3054 obelo
1048 2985 1254 3076 notavissel),
1277 2990 1384 3054 omnia

213 3096 380 3187 coniunxit
407 3100 504 3181 atque
531 3095 741 3179 perturbavit.
788 3096 858 3172 Qua
884 3097 919 3161 in
946 3119 981 3160 re
1008 3096 1041 3160 id
1070 3100 1120 3160 est
1148 3095 1383 3183 gravissimum,

214 3226 287 3268 eum
305 3203 429 3289 Proclo,
453 3224 535 3287 quae
553 3202 660 3267 Procli
677 3225 744 3267 non
762 3206 848 3289 sunt,
867 3225 934 3268 non
951 3203 1096 3287 potuisse
1119 3203 1269 3289 tribuere,
1292 3203 1319 3268 si
1342 3203 1384 3268 le-

214 3310 315 3395 gisset
332 3310 478 3394 integros
491 3308 597 3374 Procli
615 3310 869 3374 commentarios.
906 3308 1071 3374 Addamus
1089 3310 1190 3393 plura.
1227 3308 1279 3374 Ad
1296 3332 1325 3375 1.
1339 3309 1382 3374 59

213 3405 335 3503 (pbr)
354 3415 469 3480 Tuetza
487 3415 572 3480 hunc
599 3415 634 3480 in
656 3416 802 3481 modum:
824 3417 862 3481 τὸ
887 3414 943 3482 ἑὸν
966 3420 1147 3492 καλλίστως
1169 3428 1274 3482 κεῖται
1296 3420 1383 3501 λίαν,

212 3523 316 3606 1)τοῦ
337 3525 522 3607 Πρόκλον
546 3519 583 3588 δὲ
606 3528 733 3607 μᾶλλον
756 3525 937 3609 διόρθωσις
960 3524 1114 3607 δακρύων
1137 3524 1250 3588 δεῖται.
1296 3522 1383 3599 Quae

214 3629 395 3712 διόρθωσις
427 3627 479 3715 (cf.
512 3652 543 3713 p.
572 3625 629 3715 83)
667 3629 783 3694 ueteris
819 3634 868 3694 est
904 3628 1089 3714 interpretis
1125 3627 1257 3713 eiusque
1289 3627 1382 3714 signo

212 3737 325 3799 notata
351 3733 470 3819 legitur
499 3735 682 3800 etiamnunc
708 3734 743 3802 in
771 3735 909 3801 scholiis.
954 3733 1007 3799 Ad
1034 3758 1061 3800 1.
1086 3734 1150 3798 568
1176 3731 1221 3820 (p.
1241 3733 1306 3797 333
1321 3732 1382 3819 sq.)

214 3840 276 3905 duo
296 3844 373 3905 sunt
391 3841 520 3927 scholia,
539 3864 620 3926 quae
639 3864 711 3907 cum
728 3843 891 3907 variorum
908 3841 1123 3925 interpretum
1142 3840 1216 3924 sint,
1234 3843 1383 3924 pugnant

213 3947 297 4011 inter
321 3969 368 4013 se:
390 3946 522 4011 Procius
545 3969 617 4012 cum
635 3947 769 4012 Platone
793 3946 880 4030 quod
901 3949 1060 4010 maestum
1083 3946 1126 4009 sit
1149 3944 1267 4009 animal
1284 3948 1383 4030 negat

213 4075 339 4132 canere,
369 4056 463 4117 vetus
495 4053 667 4139 interpres,
694 4053 750 4137 qui
772 4051 1039 4136 philosophorum
1066 4051 1203 4137 argutiis
1231 4051 1382 4137 abstinet,

303 4213 330 4281 1)
348 4212 397 4266 καλ
415 4210 538 4279 Usener,
558 4209 592 4265 cf.
611 4229 638 4281 p.
654 4216 696 4264 79.

303 4301 329 4370 2)
348 4298 388 4354 cf.
407 4317 435 4368 p.
451 4305 501 4353 167
522 4300 551 4353 et
563 4318 591 4370 p.
607 4304 658 4352 ltss
672 4297 788 4370 (ἄλλως),
808 4316 863 4368 quo
881 4299 944 4353 loco
958 4297 1061 4354 Tuetza
1079 4299 1178 4353 eodem
1191 4298 1275 4353 modo
1289 4297 1382 4352 Procli

212 4388 306 4459 legere
325 4387 433 4444 scholia
451 4386 507 4443 sibi
525 4387 602 4444 visus
621 4389 672 4443 est.
