3342 5168
288 383 331 447 22
592 379 634 433 De
653 377 766 433 scholiis
785 377 856 432 falso
874 377 973 431 Proclo
993 375 1151 446 adscriptis.

292 543 390 610 ἑαυτὸ
414 541 469 608 καὶ
492 543 602 630 ἀγαπᾷ
625 541 685 624 τὴν
703 542 861 624 τοιαύτην
880 541 975 623 ζωήν,
998 538 1018 622 ἢ
1037 539 1120 626 πρὸς
1139 540 1177 604 τά
1195 542 1330 626 χείρονα
1349 537 1462 623 βλέπει

288 648 343 716 καλ
365 647 442 735 μητ’
465 649 601 714 ἐκείνων
620 647 729 714 ἐθέλει
749 650 806 731 ζῆν
826 647 958 729 ἀλόγων
977 649 1094 712 ὄντων.
1131 656 1261 730 τριττῆς
1279 640 1341 711 οὖν
1360 647 1461 728 οὕσης

289 767 347 842 τῆς
378 757 593 840 ἀνθρωπίνης
626 757 721 838 ζωῆς,
753 755 791 818 τὸ
821 749 883 838 μὲν
915 753 1101 839 πρώτιστον
1131 752 1194 819 ἀπὸ
1223 761 1284 818 τοῦ
1309 753 1461 836 Φάνητός

291 863 396 947 ἐστιν,
425 863 461 940 ὃς
489 862 570 927 αὐτὸ
599 871 703 926 νοοῦν
731 861 889 925 συνάπτει
917 872 987 936 τοῖς
1009 871 1157 943 νοητοῖς,
1183 861 1220 926 τὸ
1245 856 1282 925 δὲ
1306 859 1461 945 δεύτερον

290 969 354 1035 ἀπὸ
382 979 442 1035 τοῦ
470 970 606 1054 Κρόνου
634 977 694 1032 τοῦ
722 968 870 1052 πρώτου,
901 963 1005 1051 φησὶν
1033 966 1051 1031 6
1078 973 1201 1051 μῦθος,
1232 966 1462 1050 ἀγκυλομητου

289 1073 344 1141 καὶ
373 1075 481 1141 πάντα
509 1076 592 1157 πρὸς
619 1071 738 1138 ἑαυτὸν
765 1083 942 1149 ποιοῦντος
968 1070 1194 1158 ἐπιστρέφειν,
1222 1075 1258 1137 τὸ
1280 1068 1324 1136 δὲ
1350 1075 1462 1155 τρίτον

290 1182 354 1248 ἀπὸ
378 1183 462 1259 Διὸς
490 1189 549 1245 τοῦ
577 1191 645 1245 τῶν
673 1177 838 1265 δευτέρων
861 1190 1019 1264 προνοεῖν
1042 1176 1096 1243 καὶ
1121 1180 1313 1262 διακοσμεῖν
1335 1179 1375 1243 rol
1398 1182 1463 1263 χεί-

292 1312 375 1374 ρονα
413 1287 640 1362 διδάσκοντος·
681 1294 779 1350 τοῦτο
816 1285 879 1372 γάρ
914 1287 1002 1350 ῖδιον
1035 1286 1260 1371 δημιουργίας.
1306 1284 1325 1349 6
1358 1282 1397 1349 δέ
1427 1308 1463 1367 γε

287 1394 445 1470 Ἡσίοδος
460 1398 528 1458 κτλ.
574 1390 734 1456 Οοοεοεηε
756 1391 796 1457 ad
812 1391 991 1456 Hesiodum
1008 1391 1238 1475 philosophum
1256 1388 1464 1474 Neoplatoni-

292 1523 365 1565 eum
393 1499 476 1564 nihil
504 1499 672 1583 scripsisse
699 1499 764 1564 nisi
791 1521 873 1582 quae
899 1520 985 1562 nunc
1012 1501 1141 1562 exstant
1169 1497 1212 1586 (p.
1237 1494 1329 1585 121):
1362 1497 1380 1562 6
1403 1493 1464 1580 plo

289 1606 434 1694 Ὀρφεὺς,
447 1616 507 1672 τοῦ
526 1606 676 1693 ἀργυροῦ
695 1604 814 1689 γένους
831 1603 1137 1689 βασιλεύειν,φησὶν
1151 1607 1211 1670 τὸν
1224 1607 1369 1690 Κρόνον,
1387 1607 1465 1681 τοὺς

292 1715 374 1780 κατά
397 1716 457 1779 τὸν
479 1715 631 1799 καθαρὸν
654 1715 756 1795 λόγον
780 1716 902 1791 ζῶντας
925 1712 1092 1797 ἀργυροῦς
1115 1709 1232 1795 λέγων,
1256 1712 1364 1794 ὥσπερ
1387 1713 1466 1787 τοὺς

293 1822 375 1886 κατὰ
397 1822 457 1885 τὸν
479 1827 564 1885 νοῦν
587 1822 692 1904 μόνον
710 1828 862 1905 χρυσοῦς.
909 1819 926 1884 6
952 1814 988 1883 dd
1007 1816 1163 1895 Ἡσίοδος
1185 1817 1274 1884 κτλλ

382 1926 429 1991 Ut
448 1948 605 1990 summam
625 1926 753 1990 faciam:
778 1929 936 2010 excerpta,
960 1925 1026 1989 sive
1044 1924 1156 2010 mavia,
1175 1928 1397 2010 excerptorum
1415 1946 1466 1987 ex-

294 2036 404 2117 cerpta
427 2035 511 2116 sunt,
536 2054 617 2115 quae
640 2031 907 2096 circumferuntur
929 2030 1106 2096 Procliana.

868 2227 898 2290 2.

267 2397 270 2402 -
383 2350 461 2416 Non
483 2373 552 2426 esse
575 2352 691 2436 omnia,
714 2373 795 2434 quae
813 2350 920 2415 Procli
938 2373 1024 2416 nunc
1041 2352 1171 2417 nomine
1191 2353 1364 2436 conspicua
1382 2357 1468 2440 sunt,

295 2481 335 2523 ex
358 2480 423 2523 uno
447 2458 621 2541 eodemque
643 2458 734 2522 fonte
756 2458 911 2543 profecta,
932 2458 1029 2523 huius
1052 2460 1099 2523 rei
1122 2459 1241 2524 indicio
1264 2463 1313 2523 est
1336 2459 1387 2524 vel
1405 2460 1467 2524 for-

295 2565 383 2632 mula
421 2563 477 2628 illa
514 2567 634 2649 ἄλλως,
671 2586 734 2648 qua
769 2565 809 2628 ad
841 2565 940 2629 alium
971 2565 1151 2650 relegamur
1184 2569 1356 2630 auctorem.
1407 2564 1469 2631 sed

296 2671 482 2756 saepissime
505 2671 602 2736 etiam
624 2672 660 2734 in
683 2671 744 2756 eis,
768 2694 849 2756 quae
873 2672 1093 2736 continuatam
1116 2672 1201 2736 inter
1224 2694 1258 2736 se
1280 2673 1467 2737 memoriam

297 2777 448 2843 exhibere
472 2778 631 2864 videntur,
654 2778 738 2843 ratio
761 2778 915 2863 postulat,
939 2783 976 2843 ut
1000 2801 1018 2842 a
1038 2778 1153 2843 Proclo
1172 2779 1328 2862 quaedem
1346 2779 1468 2843 abiudi-

297 2907 414 2950 cemus.
451 2884 524 2949 Hoc
546 2888 584 2949 ut
606 2887 694 2949 certa
716 2885 769 2949 via
787 2906 823 2948 ec
841 2885 966 2949 ratione
984 2885 1052 2972 fiat,
1074 2886 1185 2969 paucis
1203 2907 1279 2950 mox
1297 2885 1467 2950 illustrabo

298 2992 503 3057 Proclianum
522 2990 756 3075 interpretandi
774 3012 883 3076 genus.
920 2990 1053 3056 Interim
1074 3015 1091 3056 e
1109 3014 1144 3056 re
1163 2993 1224 3056 erit
1238 3014 1276 3056 ex
1290 2992 1469 3058 Taetaianis

298 3099 421 3182 aliquid
448 3098 484 3162 in
510 3097 596 3161 hunc
623 3120 718 3161 usum
746 3101 939 3162 convertere.
983 3098 1072 3164 Dicit
1100 3099 1185 3163 enim
1212 3099 1267 3164 ille
1295 3100 1335 3164 ad
1357 3123 1385 3164 r.
1406 3099 1477 3164 155-

298 3201 457 3291 (p.134):
485 3203 719 3287 έκπάγλους·
747 3207 1041 3290 καταπληκτικούς,
1069 3208 1250 3293 φοβερούς,
1279 3206 1314 3272 ἐκ
1336 3217 1396 3272 τοῦ
1420 3206 1470 3271 ἐκ-

297 3313 442 3395 πλησσω.
480 3309 563 3375 ἀλλά
583 3315 617 3374 τί
634 3309 670 3376 έν
689 3323 758 3388 τοῖς
774 3312 863 3377 πάνυ
878 3311 999 3397 σαφέσι
1013 3318 1274 3398 πολυλογοῦμεν,
1292 3314 1469 3400 καθάπερ

297 3415 405 3494 τινὲς
428 3417 577 3502 ἕτεροι,
600 3419 640 3482 οί
660 3419 704 3482 col
728 3421 848 3501 λόγου
872 3418 1037 3504 ἐχόμενα
1060 3418 1123 3484 καὶ
1147 3421 1216 3496 τὰς
1234 3420 1470 3505 ἀλληγορίας

297 3523 504 3609 παρέντες,
527 3522 603 3610 περὶ
626 3525 670 3589 τδι
693 3535 856 3590 τοιαῦτα
880 3525 1166 3611 ε’χρονοτρίβησαν.
1203 3525 1291 3590 Haec
1310 3526 1348 3590 de
1367 3548 1470 3613 gram-

298 3630 426 3694 maticis
456 3629 594 3694 scribere
621 3630 677 3694 ille
704 3632 825 3717 potuit,
854 3632 892 3695 de
916 3631 1031 3696 Proclo
1059 3632 1230 3717 allegoriae
1257 3636 1394 3717 patrono
1417 3631 1469 3720 (of.

298 3759 328 3821 p.
356 3733 434 3824 128)
465 3758 534 3801 non
564 3737 682 3820 potuit.
729 3737 818 3823 Ergo
851 3738 915 3802 fuit
948 3738 1025 3802 olim
1056 3739 1141 3802 inter
1167 3738 1336 3803 Procliana
1363 3739 1469 3824 verba,

299 3842 385 3926 quod
412 3847 481 3908 erat
508 3843 717 3929 grammatica
745 3844 891 3909 doctrina
921 3844 1136 3928 conspicuum.
1182 3844 1270 3910 Idem
1293 3845 1407 3910 Tzetza
1431 3847 1470 3910 ad

298 3972 326 4014 v.
346 3951 411 4015 286
430 3947 475 4036 (p.
497 3947 575 4036 198)
599 3972 671 4014 oum
693 3950 842 4016 irrisione
861 3951 1011 4035 quadam:
1034 3955 1136 4037 τυχὸν
1154 3953 1217 4039 γάρ
1236 3976 1286 4029 τις
1304 3948 1340 4038 (λ)
1361 3951 1470 4018 ἐθέλει

299 4056 526 4140 γραμματικὴν
553 4056 673 4140 ἀρετὴν
703 4056 956 4141 ἐπικτήσασθαι,
979 4056 1034 4122 καὶ
1058 4059 1118 4124 οὐκ
1142 4058 1269 4136 εὐθέως
1296 4058 1398 4143 αὐτῆς
1420 4063 1468 4142 γί-

301 4185 391 4226 νεται
414 4160 560 4246 μέτοχος,
579 4162 662 4228 ἀλλά
680 4166 843 4249 πρότερον
865 4164 967 4230 αὐτὸν
986 4163 1139 4230 ἐκδίδωσι
1159 4177 1228 4241 τοῖς
1247 4167 1470 4249 στοιχειώδεσι

299 4268 481 4352 γράμμασι,
509 4263 578 4333 εἶτα
602 4280 673 4345 ταῖς
696 4274 876 4354 συλλαβαῖς
903 4268 957 4335 καλ
986 4280 1024 4356 τῇ
1053 4277 1151 4356 λοιπῇ
1179 4273 1330 4358 παιδεία,
1359 4275 1470 4337 ἔπειτα

299 4383 338 4458 τῇ
357 4377 543 4439 Διονυσίου
566 4378 685 4463 βιβλίῳ
708 4374 881 4461 προσέχων
901 4376 956 4442 καὶ
979 4390 1049 4455 τοῖς
1069 4379 1253 4443 Θεοδοσίου
1274 4380 1391 4444 κανόσι
1414 4377 1469 4442 καὶ

301 4492 464 4563 ποιηταῖς·
504 4476 573 4546 εἶτα
610 4482 851 4567 σχεδογραφίας
882 4482 1074 4571 ἀπέρχεται·
1111 4482 1165 4549 καὶ
1197 4486 1303 4551 πολλὰ
1334 4490 1471 4562 πολλοῖς
