3366 5168
451 335 584 407 Didymei
603 335 639 389 ad
651 334 751 405 'Opera
769 334 963 390 commentarii
980 333 1146 404 fragmenta.
1320 333 1382 396 147

214 504 409 585 tractantur,
436 502 627 584 argumento
655 501 704 563 est
730 498 771 563 ab
799 520 836 562 11
865 519 992 582 quoque
1020 498 1081 562 etsi
1107 518 1207 582 pauca
1230 496 1385 580 quaedam

215 608 299 673 lecta
321 630 390 672 esse
413 607 447 670 in
470 605 601 670 scholiis
623 604 813 670 veterrimis.

306 711 471 778 Scholium
498 709 714 777 Ohoerobosci
743 711 784 775 ad
805 733 834 774 1.
853 709 897 774 52
919 734 950 795 p.
971 710 1022 796 78,
1040 710 1083 774 23
1110 714 1217 776 totum
1243 712 1397 791 tribuam,

216 819 355 904 Didymo
383 820 516 904 propter
542 816 708 882 insolitam
730 815 873 881 tabulam
897 816 1081 881 exhibitam.
1105 856 1149 865 —
1171 817 1303 902 Excipit
1325 819 1387 884 hoc

217 948 369 1012 magnum
387 923 605 990 Choerobosci
624 924 783 989 scholium
801 923 840 988 de
860 922 1016 988 vocabulo
1032 921 1267 1009 Ἀργειφόντης
1285 949 1314 1010 p.
1335 927 1389 1012 99,

216 1037 297 1119 not,
323 1033 358 1096 in
384 1031 634 1116 Etymologicis,
657 1031 742 1115 apud
764 1030 989 1116 Eustathium,
1011 1030 1101 1094 cuius
1123 1032 1292 1096 maximam
1317 1055 1388 1117 par-

216 1143 282 1203 tem
309 1138 361 1204 111
387 1138 537 1203 universa
563 1137 673 1202 hausit
701 1160 741 1201 ex
768 1137 900 1202 scholiis
927 1136 1115 1201 veterrimis.
1161 1137 1253 1202 Hanc
1283 1139 1388 1222 ipsam

217 1246 259 1310 ob
287 1267 416 1310 causam
438 1244 542 1309 multa
564 1266 603 1308 ex
627 1243 750 1308 scholio
775 1248 852 1309 sunt
874 1244 915 1309 ad
936 1242 1113 1327 Didymum
1135 1244 1309 1328 referenda,
1332 1245 1389 1328 qui

217 1352 349 1436 insuper
371 1351 562 1416 nominatim
585 1350 742 1415 laudatur.
789 1349 865 1416 Sine
887 1350 986 1415 dubio
1009 1350 1077 1413 eius
1102 1355 1191 1436 sunt,
1213 1351 1247 1414 in
1270 1350 1388 1435 quibus

218 1459 438 1542 antiquiorum
466 1457 748 1543 grammaticorum
775 1457 949 1522 traduntur
977 1456 1167 1540 sententiae,
1198 1459 1235 1520 ut
1267 1456 1323 1521 illa
1351 1457 1388 1520 de

217 1562 422 1648 Aristarcho,
454 1586 565 1628 verum
596 1565 652 1629 ubi
684 1565 865 1630 invenimus
899 1563 1076 1630 sententias
1106 1564 1389 1649 grammaticorum

217 1669 357 1753 Didymo
380 1674 460 1734 natu
482 1671 654 1753 minorum,
671 1669 809 1735 Archiae
822 1669 990 1735 Alexionis
1009 1669 1203 1757 Tryphonis,
1221 1693 1273 1734 eas
1291 1670 1390 1734 mani·

217 1777 301 1841 festo
335 1776 473 1861 addidit,
506 1777 562 1860 qui
592 1781 707 1861 postea
738 1777 983 1842 commentarios
1015 1776 1191 1860 Didymeos
1223 1776 1389 1860 excerpsit.

219 1881 298 1947 Inde
316 1884 438 1947 factum
456 1887 514 1967 est,
533 1886 570 1947 ut
589 1904 700 1948 eorum
715 1885 846 1948 nomina
860 1884 894 1948 in
909 1884 1018 1948 eadem
1032 1883 1191 1959 sententia
1205 1882 1391 1966 explicanda

218 1990 269 2054 vel
303 1993 378 2054 ante
412 1988 636 2054 Aristarchum
672 1990 885 2054 laudarentur.
955 1988 1098 2065 Quorum
1134 2011 1227 2053 nemo
1263 1988 1390 2053 videtur

218 2096 254 2160 in
281 2095 459 2161 Hesiodum
486 2097 734 2161 commentarios
762 2097 929 2180 scripsisse
955 2096 1008 2161 111
1035 2096 1251 2160 recensionem
1281 2095 1392 2160 carmi-

217 2224 296 2267 num
319 2204 515 2291 instituisse,
541 2225 614 2268 cum
638 2202 676 2268 de
699 2203 795 2268 rebus
817 2202 952 2269 Hesiodi
975 2225 1072 2287 quam
1094 2202 1232 2267 maxime
1252 2202 1392 2287 propriis

219 2310 306 2394 quod
338 2310 466 2393 quidem
493 2310 657 2375 videamus
685 2332 724 2375 ex
753 2309 875 2374 scholio
902 2311 955 2375 111
981 2309 1020 2373 de
1049 2309 1146 2373 rebus
1174 2309 1294 2374 criticis
1325 2330 1393 2372 non

220 2416 358 2501 egerint,
385 2421 498 2481 contra
527 2438 564 2480 ea
589 2417 714 2481 ratione
737 2416 921 2502 laudentur,
943 2419 1070 2479 utnon
1092 2415 1200 2498 inepte
1223 2416 1296 2499 quis
1319 2436 1392 2479 111-

220 2522 330 2586 1111111
357 2522 399 2586 ab
428 2523 474 2586 eis
502 2523 604 2586 lexica
632 2522 814 2606 conscripta
841 2542 918 2586 esse.
927 2519 970 2609 ¹)'
1006 2518 1068 2585 Cui
1098 2521 1275 2585 sententiae
1297 2520 1393 2605 favet,

221 2628 320 2713 quod,
347 2628 409 2692 nisi
438 2627 542 2692 facilis
569 2628 610 2691 ad
637 2649 691 2692 eos
719 2628 877 2711 patuisset
901 2626 1022 2712 aditus,
1049 2625 1222 2691 scholiasta
1249 2647 1393 2691 111111

221 2734 434 2821 cognovisset.
488 2734 601 2801 Nihilo
634 2735 740 2798 minus
773 2756 828 2798 eos
859 2734 986 2799 videtur
1017 2733 1180 2798 rarissime
1214 2732 1393 2816 inspexisse
1513 2764 1515 2769 ·

221 2839 342 2906 Archia
374 2845 406 2906 et
437 2838 596 2906 Alexione
628 2862 692 2905 uno
729 2840 791 2905 hoc
821 2840 893 2905 loco
925 2839 1079 2925 laudatis,
1113 2839 1285 2924 Tryphone
1320 2839 1392 2922 ipso

222 2970 349 3033 quoque
372 2970 438 3013 non
461 2970 565 3035 saepe,
586 2947 675 3013 velut
699 2948 738 3012 ad
754 2970 782 3012 1.
797 2947 838 3012 41
864 2947 949 3031 apud
975 2945 1186 3011 Eustathium
1216 2945 1256 3009 ad
1279 2942 1392 3029 Odyss.

220 3053 340 3141 1433,
361 3055 413 3119 24.
465 3054 598 3139 Didymi
625 3077 701 3119 vero
728 3054 945 3139 fragmentum
973 3054 1059 3119 hunc
1086 3054 1121 3118 11
1148 3052 1279 3118 modum
1301 3051 1393 3116 resti-

221 3165 311 3226 tuam
339 3158 392 3248 (11.
420 3184 517 3246 supra
539 3185 569 3246 p.
580 3160 624 3226 34
635 3159 732 3249 sqq.):
763 3159 1058 3247 Ἀργειφόντης·
1092 3160 1248 3226 ἐπίθετον
1272 3156 1394 3244 Ἑρμοῦ

222 3265 344 3354 (Etym.
364 3268 471 3354 Magn.
490 3291 521 3354 p.
537 3269 611 3352 136,
624 3266 683 3355 48)
706 3266 783 3353 παρ’
802 3266 929 3357 Ὁμήρῳ
953 3265 1008 3333 καὶ
1030 3268 1119 3352 παρὰ
1141 3271 1288 3349 πολλοῖς,
1306 3265 1395 3351 παρὰ

222 3371 259 3439 111
283 3379 455 3459 Σοφοκλεῖ
474 3372 529 3440 καὶ
554 3371 607 3440 ἐπὶ
630 3385 690 3441 τοῦ
710 3370 927 3458 Ἀπόλλωνος,
949 3372 1004 3440 καὶ
1027 3375 1115 3460 παρὰ
1139 3375 1320 3461 Παρθενίῳ
1338 3369 1394 3436 καὶ

223 3478 276 3546 ἐπὶ
299 3489 359 3545 τοῦ
381 3479 536 3564 Τηλέφου
556 3478 599 3568 (p.
619 3479 794 3568 eunoun).
830 3480 851 3564 ἢ
874 3481 925 3546 ὅτι
949 3481 1050 3566 ἀργός
1074 3480 1141 3546 ἐστι
1160 3482 1281 3565 φόνον,
1304 3502 1395 3544 τουτ·

223 3585 291 3651 ἐστι
319 3589 479 3672 καθαρός·
508 3586 526 3652 ὁ
549 3586 650 3663 αὐτὸς
677 3586 740 3671 γάρ
765 3586 901 3675 ἐστιτῷ
925 3590 1012 3676 λόγῳ
1037 3582 1393 3674 (1111111Μ13111.)Ι

224 3693 388 3778 εἰρηνικὸς
418 3693 481 3779 γὰρ
506 3692 523 3757 ὁ
546 3694 637 3776 θεός,
661 3693 740 3778 ὅπερ
757 3691 901 3778 Ὅμηρός
928 3710 1023 3778 φησι·
1052 3693 1108 3756 ded
1130 3702 1188 3775 τῆς
1202 3690 1327 3778 Ἴριὸος
1349 3693 1395 3774 γί-

223 3820 339 3864 νονται
371 3797 521 3880 ἀγγελίαι
554 3797 591 3863 ἐν
620 3811 691 3877 τοῖς
722 3798 878 3882 πολέμοις
909 3795 964 3863 καὶ
992 3795 1067 3883 οὐχὶ
1094 3799 1150 3862 διὰ
1179 3806 1240 3862 τοῦ
1260 3795 1394 3882 Ἑρμοῦ·

223 3903 345 3992 (Etym.
362 3902 442 3969 dud.
454 3927 491 3988 p.
508 3905 559 3991 71,
572 3903 647 3993 51)·
678 3904 698 3988 t}
722 3906 740 3971 ὁ
765 3905 801 3970 ἐν
815 3903 928 3989 Ἀργει
951 3915 1084 3991 πρῶτον
1106 3904 1272 3988 πεφηνώς,
1295 3902 1395 3986 ὁγὰρ

224 4010 343 4096 Ἑρμῆς
369 4021 501 4098 πρῶτον
530 4010 566 4076 ἐν
580 4009 694 4098 ’Ἀργει
723 4011 829 4095 ἐφάνη
858 4009 980 4098 (Etym.
1000 4010 1107 4096 Magn.
1126 4033 1157 4094 p.
1178 4009 1255 4094 136,
1274 4006 1346 4096 49)·
1374 4008 1394 4092 t}

224 4118 243 4183 ὁ
272 4117 421 4202 ἐναργεῖς
446 4118 505 4194 τὰς
531 4122 716 4202 φαντασίας
743 4117 926 4203 ἀποτελῶν,
954 4119 999 4195 ὡς
1025 4115 1248 4203 Ἀρίσταρχος·
1276 4114 1297 4198 ἢ
1325 4114 1396 4201 ἀρι-

314 4277 340 4344 1)
359 4274 401 4328 De
419 4273 555 4329 Alexione
574 4274 603 4329 et
621 4275 770 4345 Tryphone
789 4275 916 4331 conferas
935 4275 1044 4330 scholia
1056 4275 1218 4343 Homerica3
1238 4273 1273 4327 de
1291 4271 1396 4326 Archia

225 4365 336 4431 praeter
353 4363 428 4418 hunc
447 4364 539 4418 locum
557 4362 644 4418 etiam
662 4361 806 4434 Apollonii
823 4362 877 4418 lex.
896 4362 977 4419 Hom.
998 4368 1057 4433 156,
1072 4367 1189 4430 26-293
1209 4362 1328 4416 Cramer.
1343 4358 1394 4413 An.

225 4450 288 4507 Par.
302 4451 341 4506 IV
356 4454 479 4522 11111
498 4457 558 4521 rea,
574 4457 615 4508 15.

1129 4538 1183 4595 10*
