3342 5168
517 378 559 432 De
578 378 697 433 aliorum
716 377 885 433 scholiorum
903 378 1019 448 origine.
1312 378 1356 440 49

186 540 315 627 lexicis,
341 545 378 605 ut
406 541 539 605 dubium
564 563 631 606 non
658 542 715 626 sit,
742 542 821 624 quin
848 562 929 624 quae
957 544 1135 623 sequuntur
1163 561 1202 603 ex
1226 538 1357 604 scholiis

137 729 140 742 Ι
189 648 380 733 deprompta
412 647 486 711 sint.
531 645 614 711 Vide
646 648 690 711 sis
723 646 875 731 exempla.
927 644 980 710 Ad
1011 669 1038 710 v.
1068 645 1111 709 24
1143 643 1359 733 (κακόχαρτος

189 753 272 841 ἔρις)
287 754 322 818 in
335 754 443 837 Fltym.
458 753 576 839 Magno
590 777 619 838 p.
634 754 710 839 484,
719 754 761 817 48
778 757 810 816 et
823 753 859 817 in
870 752 1078 818 Ps.·Zonarac
1096 752 1198 816 lexico
1217 776 1247 837 p.
1263 752 1357 820 1156.

188 860 241 924 Ad
263 884 292 925 v.
313 861 355 927 38
380 856 628 947 (δωροφάγους)
654 859 738 944 apud
759 858 982 924 Ps-Zoncram
1005 882 1035 942 p.
1054 858 1117 923 587
1143 863 1175 923 et
1197 859 1233 923 in
1249 859 1357 943 Ftym.

188 965 376 1031 Florentino
404 989 434 1050 p.
459 965 510 1030 95.
557 965 608 1030 Ad
629 989 658 1032 u.
680 966 743 1032 106
768 963 1018 1053 (ἐκκορυφώσω)
1048 965 1083 1029 in
1106 966 1215 1049 Etym.
1239 965 1358 1051 Magno

190 1096 220 1158 p.
231 1073 306 1159 322,
315 1073 356 1136 27
374 1076 406 1136 et
425 1072 510 1156 apud
523 1071 745 1137 Ps.·Z0naram
763 1095 793 1157 p.
809 1071 882 1137 670.
913 1070 967 1135 Ad
984 1094 1013 1136 v.
1029 1071 1091 1136 187
1112 1069 1358 1160 (γηραντεσσιν)

191 1178 226 1244 in
256 1177 365 1263 Ftym.
398 1178 586 1244 Florentino
613 1203 643 1263 p.
669 1180 719 1244 77.
760 1178 821 1263 Aa
838 1202 866 1243 v.
886 1178 952 1244 360
986 1175 1202 1265 (ἐπάχνωσεν)
1235 1179 1269 1243 in
1295 1178 1360 1244 Ps-

190 1285 333 1350 Zonarae
364 1285 468 1349 lexico
496 1308 525 1370 p.
550 1286 623 1350 822.
669 1283 721 1350 Ad
748 1308 776 1350 v.
800 1285 865 1352 408
899 1281 1007 1372 (τητᾷ)
1040 1285 1076 1348 in
1103 1284 1212 1368 Ftym.
1239 1284 1359 1370 Magno

190 1416 219 1477 p.
241 1392 315 1480 757,
334 1391 374 1455 51
396 1395 428 1456 et
451 1392 487 1455 in
508 1392 617 1475 Ftym.
637 1391 824 1457 Florentino
847 1414 877 1476 p.
897 1391 971 1458 281.
1012 1389 1064 1455 Ad
1086 1414 1114 1455 v.
1134 1390 1198 1456 508
1224 1388 1360 1478 (μέμυκε

190 1497 242 1562 vel
260 1494 454 1584 μεμυκέναι)
474 1497 508 1561 in
526 1497 635 1580 Ftym.
651 1496 798 1563 Gudiano
817 1521 847 1582 p.
868 1497 999 1584 387,19
1019 1501 1051 1560 et
1069 1498 1104 1561 in
1118 1496 1226 1580 Fltym.
1241 1496 1360 1582 Magno

188 1627 219 1689 p.
235 1603 310 1689 579,
328 1605 357 1667 9.
394 1602 446 1668 Ad
463 1626 492 1668 v.
509 1604 573 1667 742
592 1602 670 1690 (ἀπὸ
689 1601 873 1691 πεντόζοιο)
895 1603 980 1688 apud
997 1601 1219 1667 Ps.-Zonaram
1237 1625 1267 1687 p.
1286 1603 1360 1668 243.

190 1709 242 1774 Ad
270 1733 298 1774 v.
322 1710 386 1773 477
417 1707 600 1796 (εὐοχθέων
629 1707 659 1773 d'
686 1708 768 1788 ἵξεαι
796 1712 915 1776 πολιὸν
941 1706 1013 1796 ἔαρ)
1043 1709 1078 1773 in
1104 1708 1212 1792 Ftym.
1241 1708 1361 1794 Magno

189 1839 219 1901 p.
239 1815 383 1902 401,14.
429 1814 504 1880 Alia
535 1816 569 1879 id
600 1838 701 1903 genus
733 1820 810 1881 sunt
841 1816 952 1880 multa.
998 1813 1251 1899 Nonnumquam
1279 1837 1362 1879 com-

189 1923 311 2007 paratis
345 1922 476 1987 scholiis
505 1922 617 1987 statim
643 1926 733 1987 tenes
759 1922 813 1987 hic
843 1944 971 2007 quoque
999 1921 1164 2007 originem.
1210 1921 1362 2006 Exempli

191 2029 297 2115 gratia
328 2029 368 2093 ad
394 2051 423 2093 v.
448 2028 513 2092 744
542 2026 725 2116 (οἰνοχόην)
758 2029 903 2094 conferas
936 2051 1008 2093 cum
1038 2028 1146 2112 Etym.
1174 2027 1362 2093 Florentino

191 2158 222 2219 p.
241 2136 307 2199 224
326 2135 483 2200 scholium
501 2135 619 2200 veteris
638 2137 839 2221 grammatici
857 2159 887 2220 p.
904 2136 985 2222 4033
1008 2135 1048 2199 ad
1065 2158 1093 2200 v.
1110 2134 1172 2198 707
1194 2133 1362 2221 (κασίγνη-

191 2240 261 2328 τος)
296 2265 368 2306 cum
394 2242 502 2326 Fltym.
531 2240 679 2307 Gudiano
707 2267 736 2327 p.
761 2242 879 2329 302,5
913 2241 1071 2308 scholium
1099 2240 1239 2305 eiusdem
1266 2241 1363 2305 inter-

192 2348 292 2432 pretis
311 2372 341 2432 p.
361 2348 439 2433 3833
460 2349 500 2413 ad
518 2372 547 2412 v.
562 2348 625 2413 411
648 2347 772 2437 (καλιαί)
792 2371 864 2414 cum
882 2347 1090 2413 Ps.-Zonarae
1108 2347 1212 2412 lexico
1230 2370 1261 2431 p.
1277 2345 1362 2411 1155

192 2455 350 2520 scholium
377 2454 482 2520 Procli
505 2478 536 2539 p.
560 2457 638 2540 2613
667 2455 707 2519 ad
729 2479 757 2520 v.
779 2455 842 2520 106
867 2450 1117 2542 (ἐκκορυφώσω)
1144 2475 1217 2518 oum
1239 2452 1363 2517 Ps.-Zo·

191 2583 270 2626 nara
301 2584 330 2645 p.
360 2561 425 2625 670
457 2560 616 2626 scholium
643 2562 845 2647 grammatici
872 2562 989 2625 veteris
1012 2583 1042 2645 p.
1069 2560 1147 2646 1063
1179 2560 1219 2623 ad
1245 2582 1274 2623 v.
1297 2558 1362 2626 518

193 2665 383 2754 (τροχαλόν)
400 2689 473 2731 cum
486 2666 594 2751 Etym.
609 2666 729 2752 Magno
745 2691 776 2752 p.
791 2668 865 2751 769,
879 2667 922 2731 55
942 2667 1101 2733 scholium
1114 2665 1220 2731 Procli
1239 2689 1269 2750 p.
1284 2665 1363 2751 3133

193 2772 232 2836 ad
255 2795 283 2837 v.
304 2772 368 2836 740
392 2769 470 2859 (όαὸ
493 2771 675 2859 πεντόζοιο)
700 2795 772 2838 cum
795 2773 903 2858 Ftym.
922 2774 1042 2859 Magno
1065 2796 1094 2857 p.
1116 2773 1189 2859 127,
1207 2773 1249 2837 39
1274 2771 1364 2837 scho-

193 2880 274 2944 lium
297 2881 415 2944 veteris
438 2880 624 2965 interpretis
647 2905 676 2965 p.
695 2881 769 2945 401.
807 2880 868 2945 His
891 2882 976 2946 inter
1000 2903 1034 2945 se
1052 2878 1244 2964 comparatis
1262 2878 1364 2942 lucra·

191 3009 265 3051 mur
292 2988 390 3051 etiam
419 2987 482 3051 alia
510 2987 665 3072 quaedam
695 2988 787 3071 quasi
817 2988 922 3073 signa,
949 2988 1067 3071 quibus
1091 2986 1163 3051 aliis
1185 2985 1279 3072 locis,
1306 2985 1363 3049 ubi

193 3093 250 3157 illa
281 3093 390 3177 priora
423 3093 552 3178 desunt,
583 3093 822 3180 dignoscamus,
855 3114 936 3176 quae
969 3114 1008 3156 ex
1035 3092 1203 3157 Hesiodeis
1232 3091 1363 3157 scholiis

192 3198 353 3264 fluxerint.
399 3198 510 3264 Veluti
537 3199 654 3264 lemma
682 3200 709 3265 si
735 3206 803 3265 non
830 3202 879 3264 est
907 3202 1052 3264 accurate
1075 3199 1284 3284 exscriptum,
1313 3198 1364 3262 ad·

194 3310 270 3370 sunt
297 3307 360 3391 ipsi
388 3328 482 3391 saepe
509 3328 620 3371 versus
647 3306 813 3394 Hesiodei,
844 3307 880 3370 in
908 3306 1025 3390 quibus
1053 3306 1245 3370 vocabulum
1271 3305 1365 3390 inest,

194 3411 376 3496 quibusque
398 3413 555 3478 scholium
574 3416 642 3478 erat
661 3414 865 3499 adscriptum,
888 3413 983 3478 modo
1003 3412 1112 3477 addito
1131 3413 1225 3478 modo
1246 3411 1363 3476 omisso

192 3519 323 3583 nomine
350 3522 472 3602 poetae.
517 3518 557 3582 In
584 3519 655 3584 aliis
683 3519 804 3603 excipit
826 3519 930 3603 ipsam
953 3519 1094 3604 glossam
1118 3519 1223 3583 solum
1245 3539 1364 3583 nomen

194 3627 323 3710 poetae,
355 3624 442 3706 quod
472 3645 544 3688 cum
577 3625 704 3710 saepius
736 3628 849 3710 postea
880 3648 899 3689 a
931 3625 1073 3690 librariis
1104 3646 1171 3689 non
1197 3628 1379 3709 perspecta

195 3751 300 3817 causa,
322 3752 378 3794 cur
401 3730 583 3818 adderetur,
610 3733 765 3797 omissum
789 3733 846 3818 sit,
873 3731 1022 3796 destituti
1045 3734 1131 3795 certo
1154 3730 1271 3815 indice,
1293 3731 1365 3814 ipsa

194 3836 319 3901 ratione
333 3837 477 3922 cogimur
492 3838 646 3922 quaedam
660 3838 891 3923 interpretibus
898 3836 1067 3901 Hesiodeis
1078 3836 1260 3901 attribuere.
1282 3834 1365 3899 Sunt

195 3943 307 4028 etiam,
336 3943 371 4007 in
398 3944 515 4027 quibus
543 3945 637 4009 nobis
666 3943 898 4028 desperandum
926 3946 1026 4029 esset,
1052 3942 1117 4005 nisi
1140 3942 1278 4027 benigne
1301 3942 1365 4026 ipsi

196 4053 341 4114 auctores
364 4049 666 4135 Etymologicorum
693 4053 913 4115 succurrerent
939 4049 1005 4114 suis
1032 4049 1208 4113 inserentes
1230 4048 1365 4112 vocabu·

194 4155 263 4219 lum
290 4159 433 4240 σχόλιον.
480 4153 528 4220 cf.
555 4155 664 4239 Fltym.
691 4155 798 4241 Magn.
822 4178 852 4240 p.
876 4154 934 4242 59,
953 4155 996 4219 32
1018 4159 1099 4240 not,
1121 4177 1150 4239 p.
1170 4155 1227 4240 43,
1245 4153 1266 4218 5
1283 4158 1365 4238 not.;

195 4285 224 4346 p.
244 4260 301 4349 58,
320 4262 364 4326 23
386 4265 467 4346 not.;
494 4262 602 4345 Fltym.
628 4260 707 4327 aud.
730 4285 760 4346 p.
785 4261 902 4349 302,5
932 4259 1134 4350 (corruptum
1161 4262 1196 4326 in
1218 4257 1365 4348 σχεόόν);

196 4368 305 4452 Ftym.
324 4367 465 4433 Florent.
485 4391 515 4453 p.
535 4368 598 4432 247
623 4373 656 4433 et
680 4391 761 4452 quae
779 4372 855 4433 sunt
874 4368 1016 4433 eiusdem
1033 4372 1137 4434 notae.
1174 4366 1294 4433 Docuit
1314 4389 1365 4431 me

196 4472 465 4540 Reitzensteinius
489 4476 524 4539 in
545 4476 639 4540 libris
662 4475 890 4559 manuscriptis
913 4475 1001 4540 illius
1024 4473 1256 4560 Fltymologici,
1280 4474 1366 4558 quod

250 4588 465 4642 eminuerit,
479 4590 557 4631 studia
571 4591 695 4632 Hesiodea.
1136 4585 1153 4633 4
