3342 5168
380 379 422 433 De
441 378 576 449 ampliore
595 377 664 432 olim
681 378 791 433 Veteris
810 378 973 448 Interpretis
993 378 1201 434 commentario.
1333 380 1377 444 33

205 542 312 606 verbis
335 545 499 606 excretam
516 541 655 625 legimus
674 541 709 604 in
726 541 834 605 codice
848 540 1010 606 Vossieno
1028 541 1249 626 Etymologici
1266 541 1378 626 Magni

206 646 250 735 (p.
269 648 327 735 58,
346 649 389 714 23
417 670 490 713 curn
517 645 618 734 note).
663 646 765 712 Porro
793 647 833 711 ad
860 670 889 712 v.
914 647 979 710 740
1002 645 1046 734 (p
1070 646 1150 736 401)
1179 648 1316 733 legimus
1343 648 1378 711 in

205 754 433 840 Etymologico
461 753 581 840 Magno
605 751 838 841 (p.127,3s):
870 754 944 820 ἀπὸ
971 758 1189 833 πεντόζοιο·
1222 753 1378 831 Ἡσίοδος

206 860 393 949 (laudantur
429 860 492 925 duo
528 858 669 947 versus)·
706 860 930 937 πεντάκλαδος
961 860 1097 946 ἡ-χείρ·
1135 862 1179 946 μὴ
1211 862 1377 946 ὀνυχίσχς,

206 972 325 1052 φησίν,
358 967 394 1033 ἐν
425 965 522 1053 ἑορτῇ
551 967 651 1050 ξηρὸν
679 970 791 1051 όνυχα.
836 969 967 1051 χλωρὸν
995 964 1032 1032 δὲ
1058 968 1095 1033 τὸ
1125 969 1261 1045 ζωτικὸν
1289 958 1377 1052 αἷμα.

205 1070 321 1158 ἀσεβὲς
342 1074 404 1158 γάρ
424 1073 637 1157 όνυχίζεσθαι
658 1072 694 1138 ἐν
712 1070 808 1158 ἑορτῇ
827 1080 926 1138 θεῶν.
964 1070 1047 1138 Sunt
1066 1072 1175 1137 eedem
1193 1074 1229 1138 in
1247 1072 1378 1138 scholiis

206 1184 238 1244 et
261 1179 380 1244 eisdem
402 1179 509 1244 verbis
534 1200 690 1264 expresse.
728 1178 842 1263 Neque
865 1179 982 1244 desunt
1004 1180 1158 1266 exempla,
1181 1179 1238 1244 ubi
1256 1181 1291 1244 in
1313 1178 1376 1244 alio

205 1287 296 1351 fonte
327 1287 421 1371 pluro
453 1286 659 1372 exhibentur,
691 1286 729 1350 de
757 1286 875 1370 quibus
908 1309 980 1351 cum
1011 1287 1096 1351 infra
1124 1287 1167 1351 sit
1197 1285 1378 1371 dicendum3

205 1414 291 1458 nunc
313 1415 492 1477 proponam
515 1416 614 1458 unum
638 1393 819 1478 exemplum
838 1415 877 1457 ex
895 1393 1133 1479 Etymologioo,
1156 1393 1242 1477 quod
1260 1392 1377 1458 dicitur

205 1497 295 1583 μέγα.
333 1497 385 1564 Ad
407 1522 436 1564 v.
456 1500 498 1564 28
522 1498 566 1586 (p.
586 1496 667 1587 556)
691 1499 753 1564 duo
777 1503 854 1563 sunt
877 1499 999 1564 scholia
1024 1500 1139 1563 veteris
1163 1500 1378 1584 grammatici:

205 1606 295 1689 prius
310 1606 479 1691 exscripsit
494 1605 681 1670 adverbum
696 1609 807 1670 auctor
821 1605 1042 1690 Etymologici
1050 1604 1162 1690 Magni
1173 1603 1217 1692 (p.
1228 1605 1303 1691 484,
1310 1604 1378 1694 46),

206 1711 343 1776 alterurn
367 1711 453 1796 quod
475 1716 525 1777 est
547 1712 674 1796 plenius
698 1715 844 1776 servetur
862 1712 897 1776 in
909 1712 1027 1796 Etym,
1051 1711 1137 1796 quod
1154 1712 1271 1777 dicitur
1285 1711 1378 1800 μέγα,

207 1821 240 1882 et
267 1818 395 1902 quidem
423 1819 482 1883 ita:
514 1821 766 1905 κακόχαρτος·
800 1818 989 1903 ἀμφίβολον
1017 1816 1216 1905 (ἀμφιβολία
1238 1817 1281 1907 Β)
1304 1820 1400 1901 ἤτοι

206 1925 269 2011 γὰρ
292 1925 313 2007 ἡ
337 1923 413 2011 (om.
437 1923 482 2012 A)
506 1923 559 1990 ἐπὶ
582 1937 696 2002 κακοίς
718 1927 880 2009 χαίρουσα
902 1923 923 2007 d
947 1923 1001 2009 ἐφ’
1027 1915 1048 2009 ᾗ
1071 1926 1107 1989 ot
1127 1924 1221 1990 κακοὶ
1244 1929 1378 2010 χαίρου-

205 2048 271 2115 σιν,
288 2032 333 2108 ὡς
346 2030 450 2116 φησὶν
465 2030 541 2119 (om.
556 2029 601 2120 Α)
616 2030 778 2108 Ἡσίοδος
797 2031 833 2097 ἐν
853 2033 963 2115 ἔργοις
980 2029 1035 2096 καὶ
1053 2030 1202 2117 ἡμέραις·
1222 2028 1247 2098 ὦ
1262 2029 1377 2117 Πέρση

206 2141 248 2202 σὺ
270 2135 308 2203 dt
330 2148 432 2203 ταῦτα
455 2148 518 2226 τεῷ
545 2138 732 2221 συγκάτθεο
758 2144 857 2226 θυμῷ
876 2134 932 2224 (ab
956 2137 993 2202 ἐν
1017 2140 1239 2225 ἕρμ-θυμςό
1259 2160 1320 2203 om.
1335 2135 1377 2225 B)

206 2243 290 2327 μηδέ
311 2242 342 2308 α’
364 2247 434 2331 ἔρις
456 2248 656 2331 κακόχαρτος
675 2242 732 2309 ἀπ’
748 2247 850 2331 ἔργου
868 2246 981 2328 θυμὸν
1000 2241 1097 2331 (quse
1120 2248 1308 2330 sequuntur,
1331 2245 1377 2309 in·

205 2350 377 2415 veniuntur
417 2354 545 2415 tentum
586 2351 621 2415 in
656 2348 701 2438 A)
739 2351 966 2437 εὐρακοινείκη
1005 2351 1218 2417 ὁππισπεύων
1255 2351 1378 2438 ἀγορῆς

206 2455 370 2523 ἐπακουὸν
393 2456 498 2524 ἐόντα.
544 2457 670 2540 ἡκακὴ
694 2461 882 2541 φιλονεικία
905 2460 949 2542 μή
972 2473 1009 2523 σε
1031 2459 1177 2541 κωλύσηι
1201 2455 1249 2522 ἐπ’
1277 2460 1377 2543 ἔργον

206 2564 254 2639 είς
275 2565 313 2628 τὸ
336 2564 595 2648 περιβλέπεσθαι
619 2567 826 2649 φιλονεικίας
847 2561 902 2629 καὶ
925 2563 1100 2649 ἀκροάσεις
1121 2564 1286 2650 ῥημάτων.
1321 2568 1381 2630 καί

205 2686 309 2753 φησιν
331 2677 478 2736 πλοῦτον
501 2669 538 2735 ἐν
560 2679 605 2758 τῷ
628 2675 708 2758 οίκφ
733 2669 835 2734 αὐτὸν
859 2670 985 2753 ὀφείλει
1003 2666 1082 2735 ποτὲ
1101 2665 1162 2754 μὲν
1181 2668 1377 2755 ἐργάζεσθαι

205 2772 284 2841 ποτὲ
322 2773 352 2839 d'
389 2775 575 2859 ἀκροᾶσθαι
609 2772 712 2860 κάμνε
745 2769 827 2859 φησὶ
858 2772 914 2839 καὶ
946 2777 983 2840 τὸ
1016 2781 1229 2859 φιλονεικεῖν.
1278 2785 1376 2841 τοῦτο

206 2883 312 2947 εἰπεῖν
344 2882 400 2947 ἵνα
431 2883 513 2946 κατά
544 2879 643 2968 με’ρος
675 2881 778 2947 αὐτοῦ
806 2881 910 2968 ἐπάρη
937 2883 975 2947 τὸ
1003 2887 1209 2966 φιλονεικεῖν
1237 2880 1290 2947 ἐπὶ
1316 2892 1377 2948 τοῦ

210 2986 413 3075 ἐργάζεσθαι.
459 2987 614 3052 Eiusdem
637 2988 764 3073 generis
787 2992 862 3053 sunt
885 2987 949 3051 olis
970 2987 1119 3071 plurime.

292 3094 516 3160 Ps.·Zonarcm
539 3117 667 3179 quoque
690 3095 726 3159 in
748 3094 977 3160 conscribendo
1001 3117 1060 3159 suo
1082 3094 1185 3160 lexico
1208 3094 1269 3159 hoc
1287 3095 1377 3160 fonte

205 3224 299 3266 usum
331 3222 400 3267 esse
431 3201 605 3266 ostendunt
637 3224 710 3266 cum
741 3201 897 3267 uocabula
928 3224 986 3286 per
1017 3200 1122 3286 ipsam
1153 3200 1304 3287 chresim,
1340 3206 1377 3267 ut

122 3307 124 3310 ⁴
205 3309 306 3394 aiunt,
326 3307 519 3373 Hesiodeem
541 3309 699 3394 apposita,
721 3313 792 3375 turn
816 3308 902 3393 quod
924 3330 990 3373 non
1012 3308 1122 3393 paucis
1145 3308 1225 3373 locis
1244 3330 1376 3392 prorsus

205 3415 346 3480 concinit
369 3437 442 3479 cum
465 3416 521 3500 eis,
544 3437 625 3499 quae
649 3419 787 3480 aetatem
809 3416 964 3501 tulerunt,
987 3414 1126 3480 scholiis.
1164 3413 1318 3479 Confercs
1337 3415 1377 3478 ad

204 3544 233 3586 r.
259 3521 322 3586 106
351 3521 510 3586 scholium
536 3522 654 3586 veteris
683 3522 887 3607 grammatici
914 3519 958 3608 (p.
984 3519 1063 3608 106)
1091 3544 1163 3586 cum
1190 3520 1242 3585 his
1269 3520 1377 3585 verbis

205 3626 421 3691 Ps.·Zoneroe
455 3625 499 3714 (p.
528 3628 593 3693 670
624 3625 767 3715 Tiump
809 3628 1086 3714 ἐκκορυφώσω·
1134 3629 1273 3692 δύναται
1314 3623 1377 3712 μὲν

206 3731 386 3798 ἀκούεσθαι
415 3733 747 3819 ἀνακεφαλαιώσομαι
771 3726 845 3799 οἷον
867 3735 1020 3818 κορυφὴν
1043 3734 1208 3817 ἐπιθήσω·
1236 3734 1376 3798 δύναται

206 3833 244 3902 δὲ
270 3836 325 3902 καλ
353 3838 459 3915 οὕτως
486 3839 599 3925 ἕτερόν
627 3858 680 3906 σοι
708 3844 810 3923 λόγον
837 3840 1059 3924 ἐκκορυφώσω
1085 3840 1158 3921 ἤτοι
1183 3837 1376 3922 ἀπάρξομαι.

206 3940 277 4008 ἐπεὶ
299 3943 320 4026 ἡ
343 3946 474 4029 κορυφὴ
497 3945 579 4031 ἀρχή
603 3949 654 4023 τίς
677 3946 746 4012 ἐστι
768 3946 1009 4030 τοῦσώματος.
1044 3945 1167 4009 Eadem
1186 3947 1261 4008 sunt
1280 3948 1376 4028 etque

205 4049 241 4114 in
263 4050 408 4136 scholiis,
431 4051 550 4116 eisdem
572 4053 679 4121 verbis
703 4074 862 4138 expressa,
884 4056 1012 4136 praeter
1032 4050 1254 4117 Ps.-Zonaranr
1278 4049 1376 4115 etiem

205 4156 246 4220 sb
271 4161 400 4221 auctore
422 4157 642 4243 Etymologici
664 4158 776 4243 Magni
799 4158 967 4243 exscripta.

294 4262 340 4327 Ut
373 4268 481 4330 autem
512 4287 577 4329 uno
610 4265 725 4328 saltem
758 4264 903 4348 exemplo
935 4264 1115 4349 ostendam,
1147 4267 1179 4327 et
1211 4285 1306 4347 quem
1336 4263 1376 4328 sd

205 4368 336 4434 modum
368 4372 554 4455 saepissime
583 4371 749 4435 decurtata
778 4371 844 4434 sint
870 4371 989 4435 veteris
1016 4370 1202 4455 interpretis
1230 4368 1315 4434 dicte
1341 4369 1377 4433 in

207 4476 267 4562 eis,
298 4498 380 4561 quae
412 4478 692 4562 circumferuntur,
724 4476 869 4563 scholiis,
900 4481 933 4542 et
961 4499 1025 4561 quo
1052 4478 1122 4542 iure
1149 4475 1265 4541 Tretos
1290 4476 1376 4543 hunc

259 4589 475 4648 Dlmltrljovit,
488 4591 567 4632 stadis
580 4591 703 4632 Hesiodea.
1146 4586 1162 4637 3
