3342 5168
448 334 590 400 Quantum
607 333 736 388 noverint
754 333 865 402 antiqui
884 334 1002 389 lectores
1021 350 1139 389 carmen.
1353 335 1373 399 9

294 496 397 563 Adest
419 496 642 562 testimonium
665 496 705 560 ad
726 497 764 561 τὸ
788 498 836 573 εἰς
849 495 992 582 Ἔριδας.
1035 495 1266 583 Fragmentum
1288 498 1373 563 enim

206 600 472 688 Timocreontis¹)

310 711 380 776 οὐκ
402 711 475 795 ἄρα
502 706 693 841 Τιμοκρέων
715 719 861 794 μοῦνος
887 711 1055 793 Μήδοισιν
1078 711 1272 796 ὡρκιατόμει

209 839 282 881 curn
304 816 474 882 11111111
511 815 581 881 οὐκ
608 816 681 901 αρα
708 824 858 899 μοῦνον
886 817 944 898 ἔην
968 813 1109 901 Ἐρίδων
1131 814 1228 898 γένος
1250 838 1376 900 compa·

208 926 314 987 ratum
340 925 498 1007 apertam,
525 921 560 985 ni
585 921 693 1006 fallor,
721 922 934 986 imitationem
959 921 1106 986 ostendit.
1131 921 1375 986 —Pandoram

208 1028 398 1093 Hesiodeam
414 1027 576 1092 veteribus
589 1031 665 1111 poet
666 1027 694 1091 is
707 1029 765 1092 not
767 1051 818 1092 am
831 1028 931 1092 fuisse
945 1028 1115 1093 document
1100 1031 1135 1092 to
1150 1031 1227 1092 sunt
1239 1029 1305 1092 fort
1291 1032 1376 1093 tasse

206 1135 242 1198 hi
264 1156 375 1200 versus
400 1132 578 1199 Semonidis
602 1132 806 1221 Amorginih

420 1241 506 1306 οὕτω
529 1251 639 1306 κακῶν
661 1238 717 1305 ἄντ’
743 1238 857 1305 οὐδέν·
882 1240 979 1306 ἀλλὰ
1002 1243 1142 1326 μυρίαι

419 1350 600 1432 βροτοῖσι
623 1355 740 1431 κῆρες
761 1346 1074 1433 κάνεπίφραστοι
1099 1347 1189 1411 δύαι

418 1451 483 1518 καὶ
506 1450 643 1537 πήματ’
669 1452 773 1518 ἐστίν·

208 1582 281 1624 cum
308 1580 402 1623 versu
426 1558 490 1623 100
512 1557 664 1623 Hesiodei
691 1559 842 1623 carminis
870 1559 1054 1643 comparati.
1100 1557 1200 1624 01111
1223 1560 1285 1624 1111
1308 1559 1376 1624 sine

208 1664 306 1728 dubio
339 1686 462 1728 memor
489 1667 558 1728 erat
584 1663 747 1749 Theognis
770 1662 813 1748 (v.
839 1663 925 1731 1135
939 1662 1004 1751 Β),
1037 1686 1107 1728 cum
1141 1687 1252 1729 unam
1280 1663 1376 1750 Spem

208 1769 401 1833 mortalibus
423 1769 613 1833 remansisse
635 1769 760 1835 diceret.
797 1770 948 1835 Fortasse
971 1771 1068 1834 etiam
1093 1768 1271 1835 Simonides
1293 1768 1376 1834 (leus

208 1896 337 1940 versum
358 1874 422 1939 100
444 1876 598 1959 respexit.
622 1877 695 1940 τοιδι
717 1883 857 1953 θνατοῖς
878 1877 961 1941 κακδι
984 1887 1094 1941 κακῶν
1116 1877 1205 1962 ἀμφί
1224 1900 1259 1941 τε
1281 1885 1378 1962 κῆρες

208 1984 448 2047 εἰλεῦνταιμ-
471 1979 523 2046 Ad
545 1979 699 2047 Aetatum
721 1982 864 2046 fabulam
887 1986 974 2047 certa
997 1982 1114 2047 adsunt
1099 1982 1352 2047 ttestimonia
1342 2006 1377 2047 1n

208 2088 435 2174 Theognidea'
425 2088 607 2153 imitatione
617 2110 769 2153 versuum
781 2089 1025 2176 111-2011111
1027 2089 1162 2174 eroquin
1172 2093 1222 2154 111
1208 2089 1376 2154 tliberais

209 2192 377 2280 Compara,
391 2216 520 2282 quaeso,
533 2195 676 2280 Theogn.
693 2194 911 2260 1135-1148
926 2217 999 2260 cum
1013 2195 1378 2282 Η111οά111191-200,

210 2301 288 2387 190,
312 2299 433 2384 19411.
479 2300 597 2365 Taedet
630 2302 715 2366 enim
743 2302 851 2366 omnia
884 2302 1071 2367 adscribere.
1093 2340 1137 2348 -—
1164 2301 1377 2385 Pedisequum

79 2485 81 2489 y
207 2406 274 2470 fere
298 2406 432 2472 habebis
456 2407 673 2492 Theognidem
700 2408 735 2472 in
760 2430 790 2472 v.
814 2409 876 2474 821
894 2430 956 2495 sq,
986 2409 1103 2493 quibus
1131 2408 1288 2492 expressit
1315 2407 1377 2471 He-

208 2512 287 2577 siod.
305 2535 334 2578 v.
355 2511 428 2578 185.
453 2549 495 2561 -
517 2513 618 2578 Porro
642 2514 678 2578 in
700 2514 889 2579 brevissima
911 2514 968 2579 illa
990 2514 1163 2600 particula,
1191 2535 1271 2598 quae
1294 2513 1378 2596 apel-

207 2618 294 2683 latur
322 2614 428 2706 οιῖνος,
455 2619 570 2684 desunt
598 2619 740 2704 quidem,
769 2619 797 2683 si
824 2620 902 2703 quid
928 2620 1035 2705 vidae,
1061 2620 1094 2685 id
1116 2641 1217 2705 genus
1239 2619 1377 2705 vestigia

208 2724 408 2807 imitationis.
455 2722 689 2789 Gravissimum
721 2728 830 2789 tamen
857 2729 919 2811 est,
951 2725 1037 2809 quod
1064 2726 1207 2810 antiquis
1234 2725 1281 2789 ita
1309 2729 1377 2790 erat

209 2827 430 2916 persuasum³)
462 2828 641 2896 Hesiodum
671 2831 772 2895 fuisse
803 2831 964 2915 primum
999 2834 1162 2895 auctorem
1195 2829 1377 2895 fabularum

209 2936 387 3001 ethicorum
409 2940 483 3002 ante
505 2935 671 3021 Aesopum
694 2941 726 3001 et
745 2935 991 3022 Archilochum,
1017 2940 1054 3001 ut
1075 2935 1295 3022 lexicographi
1316 2936 1378 3001 hac

208 3043 278 3127 ipsa
309 3042 420 3110 fabula
451 3065 574 3127 semper
606 3044 752 3128 exemplo
781 3044 833 3108 usi
861 3044 927 3108 sint
955 3043 1150 3128 explicantes
1176 3042 1376 3108 vocabulum.

209 3147 309 3214 Ouius
332 3150 379 3214 rei
402 3149 588 3215 testimonia
610 3151 755 3214 conferre
778 3151 977 3234 supersedeo.

297 3253 506 3342 Sententiam,
528 3260 682 3340 quaeest
705 3256 740 3319 in
763 3278 800 3321 ea
822 3257 973 3321 carminis
996 3260 1098 3342 parte,
1121 3277 1202 3340 quae
1223 3256 1378 3341 sequitur,

209 3361 465 3446 splendidissime
488 3363 655 3427 exornavit
679 3360 755 3427 Solo
778 3363 949 3427 notissima
969 3363 1071 3448 elegia
1091 3360 1142 3449 (ir.
1164 3363 1205 3427 13
1219 3359 1299 3449 Β1.),
1322 3361 1378 3426 se'd

208 3468 379 3533 manifesta
405 3468 507 3553 ipsius
539 3468 733 3533 imitationis
765 3469 902 3554 vestigia
928 3491 996 3534 non
1021 3469 1225 3553 reperiuntur
1255 3466 1320 3532 nisi
1342 3467 1377 3530 in
1404 3482 1405 3485 ’

208 3574 354 3639 versibus
373 3575 481 3638 3-16
501 3595 572 3638 cum
591 3574 760 3639 Hesiodeis
779 3598 808 3640 v.
823 3575 999 3640 321-326
1018 3574 1218 3658 comparatis.
1256 3571 1377 3637 Contra

209 3677 389 3742 certissima
417 3683 466 3743 est
489 3679 630 3746 imitatio
653 3703 803 3746 versuum
826 3680 1061 3746 289-294111
1083 3680 1149 3745 illis
1173 3677 1376 3745 Simonideis:

210 3785 278 3848 ἔστι
301 3806 350 3858 τις
373 3786 481 3868 λόγος,
503 3782 582 3852 τοτὲ
604 3788 665 3851 τὰν
688 3787 808 3873 ἀρετὰν
830 3792 898 3853 κτλ.
922 3783 975 3872 (ir.
994 3785 1036 3850 58
1051 3783 1120 3872 Β1.)
1143 3822 1185 3832 -
1208 3785 1377 3849 Ρ11111111

210 3888 377 3973 quaedam,
409 3912 491 3974 quae
521 3892 684 3975 pertinent
716 3893 755 3958 ad
786 3892 868 3956 hanc
899 3894 1038 3976 partem,
1075 3891 1174 3955 habet
1207 3889 1377 3976 Theognis,

209 3995 294 4079 apud
316 4017 412 4079 quern
433 3996 563 4062 omnino
581 3997 730 4082 frequens
750 4001 800 4062 est
817 3997 972 4062 memoria
989 3995 1157 4062 Hesiodea.
1194 3995 1246 4060 Ad
1264 4019 1292 4061 v.
1311 3995 1377 4060 315

209 4124 266 4166 sua
298 4102 515 4166 accomodavit
542 4125 571 4166 v.
599 4104 698 4187 1149,
730 4103 770 4167 ad
796 4125 924 4168 versum
952 4102 1086 4168 Hesiodi
1110 4103 1174 4170 327
1205 4101 1377 4168 distichum

299 4260 325 4328 1)
343 4258 426 4328 Apud
444 4258 597 4329 Bergkium
614 4259 691 4314 Poct.
711 4258 762 4328 lyr.
783 4260 828 4315 Gr.
848 4259 881 4315 fr.
896 4266 920 4314 3.

298 4349 325 4416 2)
342 4346 426 4416 Apud
443 4346 596 4418 Bergkium
613 4346 643 4400 P.
662 4345 681 4403 l.
701 4347 747 4402 Gr.
767 4347 799 4403 fr.
816 4354 830 4402 l
850 4366 875 4402 v.
891 4352 926 4402 20
936 4365 996 4416 sqq.

298 4438 325 4506 3)
344 4434 509 4501 Quintilian.
529 4436 596 4491 Inst.
617 4436 693 4491 Orat.
708 4442 734 4506 ὅ,
750 4442 791 4491 11.
