3342 5168
527 344 568 398 De
587 343 709 414 Operum
726 342 892 414 fragmentis
910 342 1082 413 papyraceis.
1368 343 1389 406 3

221 504 309 590 tulit,
321 503 481 593 Abeli01),
495 528 634 571 necnon
648 530 666 571 a
680 505 862 592 lezachafl)
886 504 986 570 Cuius
1000 509 1109 568 tamen
1121 504 1254 568 nuncin
1268 505 1391 587 optima

221 610 278 674 illa
305 611 587 697 commentatione,
615 613 705 685 cuius
732 614 775 677 sit
797 613 908 698 pretii,
934 612 999 696 legi
1021 614 1138 694 potest.
1185 608 1389 694 Compendiis

221 721 349 782 utemur
370 717 466 782 Mess.
490 722 522 782 et
544 716 639 783 Amb.

310 822 362 887 Ad
397 825 457 888 hos
494 824 596 889 libros
632 825 868 908 manuscriptos
906 824 1027 889 accedit
1058 824 1160 907 pluris
1193 824 1392 888 aestimanda

221 929 339 1013 duplex
366 932 521 995 memoria
542 954 740 1016 papyrorum
762 929 1048 1016 Aegyptiacorum:
1076 952 1140 995 una
1163 952 1288 1016 eorum,
1310 952 1391 1014 quae

220 1040 297 1100 sunt
331 1037 365 1101 in
398 1037 586 1103 collectione
616 1036 780 1102 Austriaci
813 1038 992 1102 archiduois
1024 1035 1175 1124 Rama-³)
1208 1037 1248 1101 ad
1279 1058 1391 1101 versus

148 1163 150 1172 ·
221 1143 390 1230 251-66,
418 1145 587 1230 283-96,
618 1144 786 1230 313-29,
816 1144 984 1229 346--61,
1012 1143 1202 1229 eoo-709,
1230 1142 1392 1228 718-40,

222 1248 412 1337 750-812,
435 1251 602 1334 817-28,
635 1251 736 1316 altera
768 1273 892 1336 eorum,
924 1272 1006 1334 quae
1033 1247 1200 1336 Navillii4)
1232 1252 1321 1336 sunt,
1353 1248 1393 1312 ad

220 1378 332 1420 versus
358 1357 716 1444 111—18,153-61,
741 1357 908 1442 174-82,
931 1357 1093 1421 alo-21.
1139 1356 1188 1420 De
1210 1354 1391 1420 Austriacis

221 1464 287 1528 illis
328 1465 526 1529 luculentam
562 1465 753 1548 conscripsit
789 1463 949 1528 Rzachius
985 1464 1235 1547 disputationem
1245 1459 1288 1550 ⁵),
1330 1485 1393 1546 qua

222 1571 363 1635 ostendit
399 1572 586 1635 memoriam
621 1571 718 1634 huius
754 1571 855 1634 fontis
889 1568 984 1657 (saec.
1014 1567 1076 1657 IV)
1108 1591 1284 1654 congruere
1320 1590 1393 1633 cum

221 1677 398 1761 codicibus,
431 1677 487 1760 qui
519 1678 656 1739 aetatem
688 1675 841 1739 tulerunt.
888 1673 1024 1760 Signum
1054 1676 1233 1767 constituit⁸
1251 1673 1297 1761 A,
1329 1697 1392 1758 quo

222 1787 351 1846 utemur
382 1782 446 1865 ipsi
479 1802 615 1865 quoque.
666 1780 763 1845 Plura
796 1781 834 1844 de
867 1782 967 1845 altero
1000 1801 1179 1864 papyraceo
1211 1782 1392 1865 fragmento

223 1887 265 1975 (B
297 1888 470 1952 secundum
497 1885 687 1973 Rzachium)
720 1888 840 1971 scripta
874 1891 950 1951 sunt
986 1891 1062 1971 post
1093 1886 1123 1950 J.
1151 1886 1315 1952 Nicolium
1352 1888 1392 1951 ab

222 1994 262 2058 H.
278 1992 441 2080 Wei1i0⁶),
459 1994 496 2059 R.
511 1992 796 2080 Peppmueller07),
814 1993 963 2058 Rzachio.
1001 1992 1031 2057 A
1051 1994 1090 2058 ad
1109 1994 1282 2059 editionem
1302 2016 1392 2058 suam

222 2099 453 2181 adhibuerunt·
469 2098 598 2164 Sittlius
631 2104 664 2164 et
690 2099 926 2187 Kirchlroffius,
957 2100 985 2163 B
1018 2101 1120 2165 adhuc
1150 2122 1244 2165 nemo
1277 2100 1393 2183 potuit.

220 2206 359 2271 Praebet
395 2211 503 2272 autem
534 2206 562 2270 B
598 2207 861 2272 manifestissima
892 2208 1030 2292 vestigia
1063 2208 1195 2272 alterius
1228 2206 1393 2271 cuiusdam

220 2315 431 2401 recensionis,
457 2314 493 2377 in
519 2314 720 2398 gravissimis
735 2314 942 2385 ,lectionibus
969 2337 1103 2397 prorsus
1131 2313 1254 2377 alienae
1281 2336 1299 2376 a
1326 2312 1393 2376 vul-

222 2418 301 2502 gari.
348 2418 441 2495 Quod
477 2442 549 2484 cum
585 2420 692 2503 palam
725 2443 761 2485 ao
796 2421 941 2504 professe
971 2443 1066 2485 nemo
1099 2420 1393 2504 demonstravisset,

222 2528 349 2589 varium
371 2527 407 2589 in
428 2526 560 2590 modum
583 2549 650 2590 rem
669 2527 817 2611 expedire
836 2527 1009 2591 studebant
1032 2527 1250 2611 inexplendis
1269 2526 1393 2590 lacunis

221 2630 377 2695 Weilium
395 2632 603 2714 potissimum
622 2633 731 2697 secuti.
765 2631 834 2696 Noa
853 2633 956 2697 fusius
971 2633 1083 2698 dehac
1096 2655 1130 2697 re
1144 2637 1265 2718 postea.
1298 2631 1393 2696 Nunc

224 2736 321 2801 etiam
353 2736 416 2802 hoc
446 2737 523 2802 loco·
550 2739 673 2823 gratias
705 2759 766 2823 ago
798 2738 868 2802 viro
897 2739 1082 2803 doctissimo
1111 2739 1140 2803 J.
1163 2738 1306 2824 Nicolio,
1338 2739 1394 2822 qui

200 2841 447 2908 vbenevolentia
475 2866 599 2909 summa
625 2867 683 2928 per
709 2844 836 2909 litteras
864 2867 915 2909 me
943 2845 981 2908 de
1010 2845 1202 2929 quibusdam
1229 2845 1325 2908 rebus
1354 2844 1394 2907 ad

221 2949 299 3014 baec
321 2951 502 3037 fragmenta
525 2950 762 3036 pertinentibus
786 2950 940 3016 docuerit.

790 3132 820 3194 2.

314 3252 406 3329 Quod
419 3253 518 3339 vulgo
532 3254 722 3319 inscribitur
736 3253 869 3318 carmini
883 3253 988 3341 Ἔργα
1001 3253 1057 3320 καὶ
1070 3253 1188 3341 ἡμέραι
1201 3277 1268 3319 non
1285 3258 1394 3339 potest

222 3359 374 3445 dubitari,
383 3361 462 3444 quin
477 3361 517 3425 ab
532 3360 767 3444 antiquissimis
781 3361 854 3424 inde
867 3362 1068 3446 temporibus
1078 3362 1177 3425 fuerit
1191 3362 1225 3425 in
1238 3362 1394 3447 usu,licet

225 3465 308 3530 desit
331 3466 592 3551 antiquissimum
615 3466 847 3553 testimonium,
870 3472 1027 3550 quantum
1050 3488 1109 3552 ego
1129 3468 1202 3532 scio.
1241 3468 1394 3533 Solebant

312 3662 338 3725 1)
356 3658 389 3711 In
412 3658 590 3728 ephemeride
614 3659 798 3730 „Egyetemes
819 3658 1005 3730 philologiai“
1029 3659 1156 3728 Kdzldny
1170 3660 1208 3714 IV
1226 3678 1253 3729 p.
1269 3665 1321 3713 666
1333 3676 1392 3727 sqq.

313 3750 340 3815 2)
359 3746 490 3814 „Wiener
509 3748 644 3802 Studien“
658 3748 684 3803 V
701 3766 728 3817 p.
745 3754 795 3802 176
806 3765 870 3817 sqq.

313 3838 340 3903 3)
359 3834 470 3888 Publici
487 3836 556 3890 iuris
575 3837 652 3892 faeta
671 3840 737 3890 sunt
755 3855 772 3890 a
785 3836 819 3891 K.
833 3836 980 3905 Wcsselyo
999 3837 1029 3890 in
1044 3836 1261 3906 „Mitteilungen
1280 3854 1330 3890 aus
1345 3837 1395 3890 der

224 3922 389 3993 Sammlung
408 3923 457 3977 der
474 3926 600 3994 Papyrus
620 3926 776 3995 Erzheraog
794 3924 914 3978 Rainer“
934 3925 947 3978 I
967 3931 999 3979 73
1010 3942 1070 3993 sqq.

313 4015 339 4082 4)
359 4012 471 4081 „Revue
491 4015 525 4067 de
544 4013 716 4083 philologie“
737 4019 805 4067 1888
824 4031 851 4082 p.
869 4019 919 4067 113
930 4031 988 4082 sqq.
1009 4017 1037 4084 (a
1054 4013 1078 4067 J.
1098 4012 1228 4083 Nicolio).

313 4103 340 4170 6)
358 4100 491 4170 „Wiener
513 4101 648 4156 86661611ι
667 4102 693 4155 Χ
710 4120 737 4171 p.
753 4107 805 4155 260
820 4119 879 4170 sqq.
903 4102 1005 4172 (denuo
1024 4102 1055 4155 in
1074 4101 1284 4171 dissertatione,
1309 4119 1394 4170 quam
1418 4092 1422 4101 ’

223 4188 340 4243 laudavi
350 4207 442 4259 supra,
452 4208 479 4259 p.
490 4196 506 4244 2
517 4189 581 4244 adn.
594 4196 618 4246 1.
638 4189 721 4243 Cuius
732 4189 784 4242 sub
794 4189 878 4243 finem
888 4190 974 4244 etiam
984 4190 1019 4245 de
1029 4190 1199 4245 Navillianis
1209 4190 1296 4245 verba
1304 4191 1393 4261 facit).

314 4283 340 4348 6)
359 4279 472 4348 „Revue
496 4279 531 4333 de
553 4278 641 4349 phil.“
666 4285 735 4333 1888
757 4297 784 4348 p.
805 4285 855 4333 175
866 4297 925 4348 sqq.
953 4280 1073 4334 Weilius
1101 4281 1208 4350 primus
1235 4279 1394 4350 fingmento

224 4367 335 4437 explere
354 4367 471 4425 studuit.

315 4458 340 4528 7)
360 4458 559 4528 „Philologus“
576 4464 609 4512 62
629 4476 655 4527 p.
672 4463 722 4512 693
734 4475 793 4526 sqq.
821 4459 854 4512 In
873 4457 1017 4528 explendis
1036 4458 1201 4529 fragmentis
1221 4460 1332 4512 secutus
1351 4460 1394 4512 est

1147 4548 1181 4601 1*
