3366 5168
303 339 366 403 148
537 337 668 407 Didymei
687 336 724 391 ad
742 335 835 406 Opera
853 335 1048 391 commentarii
1066 335 1234 406 fragmenta.

302 504 429 586 φόντης
450 525 501 577 τις
523 503 581 584 ῶν,
604 501 650 577 ὡς
671 500 822 584 μεγάλως
843 502 1090 584 φανταζόμενος
1111 509 1181 575 τοῖς
1203 499 1348 583 ὀνείροις
1366 493 1410 582 (p.
1430 499 1472 562 99

300 610 367 672 not.
381 605 433 694 n),
460 609 505 683 ὡς
531 608 594 692 γάρ
622 606 774 691 ἀρίζηλος
796 607 969 690 ἀρίδηλος,
992 606 1078 672 οὕτω
1101 604 1156 670 καὶ
1179 605 1362 691 άριφόντης
1384 606 1473 690 παρὰ

301 717 340 784 τὸ
363 715 419 799 ἀρι
441 716 479 779 τὸ
503 712 691 778 ἐπιτατικὸν
713 715 833 798 μόριον
856 713 1044 796 συνετάχθη
1066 708 1122 775 καὶ
1144 716 1342 798 πλεονασμῷ
1369 721 1429 776 τοῦ
1451 714 1474 794 γ

298 820 518 905 Ἀργιφόντης
540 818 663 907 (Etym.
688 817 769 884 Gud
788 843 818 903 p.
839 818 895 901 71,
912 818 971 903 42,
1001 817 1108 902 Magn.
1131 840 1161 901 p.
1182 817 1260 903 137,
1279 818 1324 902 2).
1371 819 1406 883 ολ
1435 815 1473 882 db

300 929 454 1013 νεώτεροι
475 924 650 1013 (ποιηταί),
669 924 853 1011 ὅτιἎργον
872 924 1032 1009 ἐφόνευσε
1049 927 1110 989 τὸν
1127 926 1301 1005 πανόπτην
1320 921 1364 1010 (p.
1375 923 1472 1011 99,1)

301 1037 387 1122 λίθῳ
416 1034 542 1118 βαλών,
571 1030 765 1108 κελευσθεὶς
791 1033 880 1114 παρὰ
902 1041 963 1097 τοῦ
985 1033 1071 1108 Διὸς
1093 1028 1211 1107 κλέψαι
1233 1030 1295 1112 τὴν
1314 1028 1365 1095 Ἰὼ
1388 1035 1473 1115 βοῦν

300 1139 496 1225 γενομένην·
521 1138 686 1224 ἐφύλασσε
710 1136 747 1204 dt
769 1138 874 1220 αὐτὴν
897 1136 1052 1223 ὁ”Αργος
1074 1138 1231 1221 βουλήσει
1246 1134 1370 1221 Ἥρας,
1388 1140 1473 1222 ἔχων

301 1245 338 1311 ἐν
361 1246 426 1334 ὅλφ
449 1256 495 1334 τῷ
518 1246 644 1330 σώματι
668 1245 771 1311 αὐτοῦ
794 1245 992 1328 ὀφθαλμούς
1014 1242 1139 1330 (Etym.
1153 1242 1261 1328 Magn.
1275 1266 1305 1326 p.
1322 1243 1396 1331 136,
1404 1242 1472 1331 53).

301 1355 338 1418 τὸ
358 1350 395 1418 δὲ
414 1353 591 1438 διάκτορον
608 1351 673 1417 άπὸ
696 1361 757 1417 τοῦ
781 1352 910 1432 διάγειν
932 1351 991 1427 τάς
1012 1360 1081 1435 τῶν
1102 1351 1333 1415 τελευτώντων
1354 1351 1472 1435 ψυχάς,

302 1459 347 1535 ὥς
366 1476 448 1543 φησι
459 1458 589 1535 Νέσσος
608 1458 671 1524 ὁΧ
672 1470 723 1535 ῖος
737 1455 781 1544 (p.
789 1457 841 1541 99,
849 1456 894 1544 2).
930 1455 1028 1521 Nessi
1047 1478 1142 1540 quem
1157 1456 1275 1520 librum
1292 1457 1473 1521 adhibuerit

300 1564 468 1650 Didymus,
485 1587 551 1629 non
573 1564 649 1629 licet
672 1565 783 1629 dicere.
828 1562 1009 1628 Aristarchi
1027 1584 1103 1627 vero
1127 1564 1196 1627 sine
1215 1563 1312 1628 dubio
1331 1563 1472 1647 inspexit

300 1670 473 1736 Homerica
485 1672 742 1756 hypomnemata.
764 1709 806 1718 -
826 1668 1011 1754 Sequuntur
1025 1667 1178 1753 Aeschyli
1197 1671 1374 1735 sententiae
1393 1692 1411 1733 e
1429 1671 1472 1734 fa-

300 1778 378 1842 bula
401 1779 551 1863 satyrica,
575 1801 656 1862 quae
678 1778 889 1843 Prometheus
907 1777 1153 1861 inscribebatur,
1176 1777 1297 1860 petitae
1316 1774 1371 1863 (ad
1386 1801 1415 1842 v.
1430 1778 1472 1841 89

300 1908 330 1969 p.
352 1885 465 1971 100,4
488 1889 520 1949 et
543 1886 583 1950 ad
605 1884 729 1971 ν.157,
751 1883 871 1969 plat.
891 1884 957 1966 12).
1002 1883 1133 1968 Didymi
1159 1888 1267 1948 autem
1290 1905 1400 1948 earum
1422 1907 1472 1949 ex-

300 1991 507 2075 plicationem
530 1993 673 2076 proferre
697 1990 958 2056 Choeroboscum
980 1995 1078 2075 patet,
1100 2012 1175 2054 nam
1199 1990 1282 2055 alius
1304 1991 1342 2054 de
1360 1991 1420 2055 hac
1438 2015 1471 2056 re

301 2098 373 2162 fons
404 2099 441 2180 ei,
475 2099 531 2181 qui
563 2097 686 2162 scholia
717 2098 890 2162 veterrima
917 2097 1090 2184 excerpsit,
1119 2097 1229 2161 nullus
1257 2098 1365 2181 potuit
1392 2121 1472 2184 esse3

300 2225 413 2267 versus
435 2226 511 2268 vero
531 2205 573 2268 89
601 2208 708 2267 totum
732 2203 890 2268 scholium
912 2203 1021 2267 tribuo
1045 2201 1202 2287 Didymo,
1229 2225 1341 2268 versus
1365 2210 1472 2270 autem

305 2309 367 2375 157
393 2309 573 2394 explicandi
595 2310 763 2395 rationem,
785 2332 859 2374 cum
880 2309 979 2374 uerba
1002 2310 1068 2373 sint
1092 2307 1333 2401 Choerobosci

389 2416 441 2482 Ad
450 2442 478 2482 v.
490 2419 532 2483 96
543 2439 590 2501 sq.
600 2416 780 2482 uberrimae
794 2416 1023 2501 disputationis
1032 2416 1208 2500 Didymeae
1217 2418 1355 2503 vestigia
1364 2440 1472 2503 super-

301 2529 378 2590 sunt
401 2525 497 2589 exilia
517 2547 616 2609 eaque
634 2529 803 2608 tantopere
817 2546 890 2589 cum
904 2524 975 2588 aliis
990 2524 1158 2609 permixta,
1173 2528 1211 2588 ut
1224 2523 1383 2609 Didymus
1396 2525 1473 2610 quid

301 2634 371 2717 ipse
398 2633 546 2718 senserit,
573 2653 765 2718 cognoscere
791 2653 858 2697 non
884 2632 990 2697 liceat.
1038 2631 1145 2696 Unum
1171 2636 1220 2696 est
1243 2637 1378 2719 certum,
1401 2656 1473 2698 eum

301 2739 506 2805 Aristarchus
535 2725 634 2825 διπλῇ
663 2740 703 2804 ad
724 2763 753 2804 u.
773 2739 815 2803 97
845 2739 1004 2823 adscripta
1034 2737 1120 2826 (vide
1143 2761 1240 2822 supra
1258 2762 1289 2823 p.
1310 2738 1389 2827 130)
1412 2739 1473 2804 hos

302 2869 414 2913 versus
438 2847 608 2912 retinuerit
635 2851 668 2910 et
695 2846 856 2910 studuerit
883 2846 1056 2932 explicare,
1082 2845 1258 2909 invectivas
1285 2847 1320 2909 in
1346 2850 1474 2930 poetam

302 2955 402 3019 factas
424 2977 491 3019 non
513 2976 582 3018 esse
599 2953 741 3039 Didymi,
763 2953 817 3016 sed
840 2974 959 3035 eorum,
982 2952 1039 3035 qui
1061 2951 1181 3016 tradita
1202 2952 1300 3015 uerba
1319 2953 1474 3016 servanda

301 3083 368 3126 non
385 3061 575 3125 censuerint.
590 3097 634 3105 -
649 3056 798 3122 Graviter
811 3061 963 3141 corrupta
976 3057 1073 3120 verba
1090 3056 1247 3140 Didymea
1265 3078 1338 3120 cum
1356 3058 1474 3122 alieno-

302 3188 375 3230 rum
399 3165 568 3230 sententiis
592 3163 765 3228 commixta
789 3161 904 3226 scholii
926 3183 1038 3226 uersus
1058 3163 1113 3227 97:
1132 3163 1152 3246 ἡ
1171 3164 1234 3247 γὰρ
1253 3160 1346 3239 ἐλπὶς
1362 3175 1474 3229 κακῶν

302 3273 343 3339 οὐ
366 3279 458 3337 θεῶν
479 3269 693 3334 Waeschkius
724 3268 762 3331 de
785 3265 884 3332 Arist.
908 3268 992 3332 stud.
1015 3267 1090 3333 Hes.
1112 3269 1133 3334 h
1156 3267 1177 3332 l.
1200 3292 1229 3352 p.
1251 3269 1315 3333 164
1338 3269 1384 3333 ita
1407 3291 1474 3335 cor·

302 3380 406 3464 rigere
430 3381 564 3442 conatus
587 3379 649 3439 est:
662 3375 693 3460 ἡ
716 3376 780 3459 γάρ
804 3373 895 3452 ἐλπὶς
917 3386 1028 3441 κακῶν
1051 3374 1122 3440 οὐδ’
1151 3378 1249 3440 ἔστιν.
1284 3375 1473 3441 Hoerschel-

302 3506 439 3549 mannus
462 3505 537 3547 vero
561 3483 596 3546 in
618 3486 677 3546 act.
702 3503 764 3546 soc.
783 3480 868 3566 Lips.
885 3480 936 3547 IV
953 3505 983 3566 p.
1002 3482 1068 3546 332
1091 3483 1194 3568 magis
1218 3505 1251 3547 se
1274 3483 1314 3547 ad
1337 3484 1472 3548 traditas

302 3591 428 3655 litteras
456 3589 619 3674 applicans
645 3589 735 3653 iubet
762 3589 872 3656 scribi:
908 3589 928 3672 ἡ
952 3591 1015 3675 γὰρ
1039 3588 1131 3667 ἐλπὶς
1153 3601 1262 3655 κακῶν
1285 3590 1360 3671 obba
1384 3593 1473 3655 ἔστιν

303 3696 374 3764 ἀλλ’
402 3697 565 3782 άγα]9ῶν.
610 3695 750 3761 Atride
773 3695 888 3760 scholii
911 3695 1021 3760 verba:
1053 3695 1157 3780 φησὶν
1175 3691 1238 3762 οὖν
1252 3694 1473 3782 Ἀρίσταρχος,

210 3882 212 3887 .
303 3806 353 3870 ὅτι
381 3805 401 3889 ἡ
430 3802 500 3890 μὲν
526 3814 602 3869 τῶν
628 3815 757 3869 κακῶν
784 3806 904 3888 ἔμεινε,
934 3802 954 3885 ἡ
983 3800 1025 3868 dt
1051 3815 1128 3868 τῶν
1155 3801 1315 3885 ἀγαθῶν
1345 3801 1473 3886 ἐξῆλθε,

302 3911 359 3975 ubi
387 3911 528 3975 affirmat
554 3909 762 3975 Aristarchus
790 3931 876 3974 esse
904 3910 1060 3994 quandam
1091 3931 1181 3994 spem
1204 3909 1376 3991 malorum,
1405 3930 1473 3972 esse

303 4019 399 4084 aliam
423 4017 583 4102 quandam
604 4017 778 4102 bonorum,
811 4017 898 4102 quod
920 4017 1090 4082 manifesto
1113 4020 1238 4101 pugnat
1261 4037 1333 4079 cum
1355 4015 1472 4079 utrius·

304 4147 366 4208 que
389 4125 451 4188 viri
474 4124 560 4188 docti
583 4124 773 4188 coniectura.
823 4122 937 4208 Itaque
961 4124 1106 4208 suspicor
1127 4123 1222 4207 plura
1243 4122 1306 4187 hoe
1328 4121 1399 4186 loco
1422 4143 1473 4185 ex-

303 4231 431 4316 cidisse,
459 4234 565 4294 totum
589 4229 709 4294 scilicet
730 4251 858 4293 versum
880 4230 969 4295 illius
992 4230 1122 4317 codicis,
1150 4253 1188 4294 ex
1212 4251 1276 4314 quo
1299 4228 1361 4292 hoc
1385 4227 1474 4292 scho-

303 4336 383 4401 lium
411 4341 460 4401 est
490 4336 685 4419 exscriptum
712 4340 809 4420 atque
836 4336 870 4400 id
897 4359 980 4420 eam,
1003 4338 1133 4423 opinor,
1155 4337 1197 4400 ob
1221 4356 1364 4418 causam,
1387 4334 1474 4419 quod

304 4443 440 4506 duorum
472 4464 622 4507 versuum
653 4443 687 4505 in
719 4443 782 4505 fine
815 4443 925 4507 eodem
954 4448 1084 4508 exarato
1111 4440 1267 4507 vocabulo
1295 4454 1405 4508 κακῶν
1432 4441 1472 4504 ab
