3366 5168
278 314 343 379 104
500 309 662 367 Plutarchei
681 308 718 363 66
737 308 829 379 Opera
848 306 1042 363 commentarii
1060 306 1228 378 fragmenta.

277 501 306 562 p.
327 476 392 542 232
413 474 461 564 (5,
476 498 505 559 p.
527 473 604 559 7743
623 471 658 560 5,
676 496 707 557 p.
726 471 837 557 231),
855 471 894 536 fr.
914 472 958 535 34
969 470 1029 559 Β.)
1074 469 1191 558 166161)
1215 469 1339 534 auctori
1361 470 1452 535 resti·

277 584 355 670 1611,
384 604 464 667 quae
491 582 637 664 spectant
665 577 705 644 ad
732 581 886 661 πιθοιγία
909 601 939 662 p.
963 577 1041 657 233,
1065 577 1108 641 26
1132 574 1181 664 (5,
1204 599 1233 661 p.
1259 576 1399 661 77677,
1422 576 1452 660 5,

278 714 310 775 p.
329 688 440 774 241),
463 688 500 751 fr.
520 685 562 751 35
577 683 637 774 Β.)
687 684 864 769 Excipiunt
887 685 968 750 duae
992 684 1221 768 explicationes
1243 682 1452 749 Plutarcheae

277 821 307 882 p.
317 795 382 861 237
398 792 442 882 (5,
457 817 487 878 p.
501 793 564 857 776
572 815 617 877 sq.
632 791 694 876 77,
708 791 739 877 5,
752 814 783 875 p.
797 791 842 855 24
854 790 904 877 Ι),
922 791 960 856 fr.
975 793 1018 857 36
1029 813 1075 875 sq.
1089 788 1152 877 Β),
1169 794 1306 875 utraque
1323 792 1453 856 nomine

278 903 450 987 instructa,
480 922 617 985 quarum
644 900 751 984 priore
780 897 879 963 deleri
905 897 996 963 iubet
1019 919 1146 964 versum
1170 898 1250 984 375,
1278 898 1379 962 altera
1403 919 1453 962 ex-

278 1009 378 1095 plicat
411 1030 439 1072 v.
469 1007 542 1071 376.
596 1005 637 1070 In
666 1004 729 1070 hoc
760 1008 869 1070 tamen
901 1005 1068 1070 tractando
1101 1005 1183 1070 sine·
1202 1004 1300 1069 dubio
1333 1003 1454 1089 Aesopi

278 1115 428 1200 mythum
461 1112 583 1199 attulit,
614 1113 670 1197 qui
697 1133 783 1178 nuno
810 1112 931 1198 legitur
957 1111 1165 1197 Ρ.238,12.
1215 1111 1377 1177 Liberatis
1405 1112 1454 1176 de-

279 1224 353 1287 inde
377 1245 396 1286 a
418 1220 607 1305 turpissimo
631 1219 764 1284 Tactzae
782 1241 890 1284 errore
908 1217 953 1306 (p
974 1219 1048 1306 239,
1062 1216 1099 1305 5)
1116 1217 1282 1283 Plutarchi
1301 1218 1455 1304 reliquiis,

279 1330 299 1394 1.
324 1351 349 1393 6.
374 1329 474 1393 eiecto
497 1327 536 1392 fr.
556 1327 598 1390 22
622 1326 708 1410 apud
725 1324 830 1410 Wytt.
849 1323 898 1412 (5,
917 1349 947 1410 p.
964 1326 1027 1391 778
1051 1324 1081 1409 5,
1099 1348 1129 1409 p.
1144 1325 1201 1411 243
1226 1324 1275 1410 Ι),
1293 1325 1331 1389 fr.
1347 1324 1388 1390 38
1404 1323 1455 1411 Β.)

280 1434 496 1520 adiungimus,
519 1455 600 1518 quae
622 1433 775 1518 leguntur
792 1454 822 1516 p.
842 1431 917 1520 239,
931 1431 974 1495 30
996 1429 1041 1519 (5,
1054 1455 1084 1516 p.
1102 1430 1242 1518 77877,
1260 1431 1290 1511 5,
1304 1455 1334 1516 p.
1349 1431 1394 1495 24
1406 1431 1455 1516 Ι),

280 1544 319 1607 fr.
338 1542 381 1606 39
391 1539 453 1628 Β).
500 1539 587 1616 Quae
609 1540 757 1625 proxima
780 1541 857 1603 sunt
880 1538 919 1603 66
942 1559 1053 1604 versus
1077 1538 1142 1602 383
1152 1560 1207 1623 sq.
1230 1539 1266 1603 in
1289 1538 1334 1602 eis
1358 1539 1456 1623 expli-

280 1648 389 1714 candis
413 1650 499 1711 certe
520 1646 640 1711 nimius
664 1650 732 1710 erat
754 1644 955 1710 Plutarchus.
1006 1644 1126 1730 Magna
1149 1644 1234 1709 enim
1256 1667 1332 1729 pars
1355 1649 1456 1710 astro-

279 1756 424 1821 nomicae
452 1754 616 1819 doctrinae
643 1751 696 1840 (of.
719 1776 749 1837 p.
774 1750 855 1839 246)
883 1756 915 1817 61
942 1752 1103 1835 mythioae
1129 1751 1227 1817 huius
1255 1774 1272 1816 6
1300 1773 1456 1817 commen-

280 1862 365 1927 tario
383 1861 488 1947 fluxit,
506 1860 611 1946 quoad
631 1860 760 1944 quidem
780 1859 816 1924 in
833 1858 1010 1924 Pmch'anis
1030 1880 1207 1943 versamur3
1225 1858 1353 1923 Veteris
1373 1859 1458 1924 enim

281 1969 344 2035 alia
372 1973 422 2034 est
449 1968 542 2033 ratio.
571 2005 614 2016 -
642 1967 694 2030 Ad
720 1990 749 2031 v.
769 1967 832 2030 391
862 1989 893 2050 p.
912 1965 992 2052 254,
1016 1966 1056 2030 18
1085 1966 1192 2049 ipsum
1219 1987 1337 2031 nomen
1358 1966 1458 2031 habes

283 2074 328 2162 (5,
345 2098 376 2159 p.
397 2073 538 2160 77877,
559 2073 590 2160 5,
608 2097 640 2158 p.
658 2073 702 2137 24
716 2072 765 2156 D.⁷
788 2074 826 2137 fr.
846 2071 889 2138 40
903 2069 963 2159 Β.)
1008 2071 1092 2136 Item
1120 2076 1168 2136 est
1195 2077 1305 2156 aperte
1332 2073 1458 2137 Plutar-

282 2181 379 2247 cheus
402 2181 627 2246 celeberrimus
650 2180 706 2244 ille'
729 2180 766 2244 de
785 2178 916 2244 limace
939 2182 972 2244 et
989 2178 1167 2244 Aristotele
1184 2180 1275 2244 locus
1293 2203 1322 2265 p.
1343 2179 1417 2259 258,
1428 2180 1457 2243 3.

281 2289 371 2354 Idem
394 2288 479 2354 cadit
502 2288 537 2352 in
561 2308 612 2373 ea,
639 2308 720 2372 quae
750 2290 826 2351 sunt
849 2286 887 2350 de
909 2284 1092 2351 Alexandro
1115 2309 1145 2371 p.
1166 2286 1244 2371 264,
1270 2286 1311 2351 16
1335 2285 1458 2374 (secun-

283 2396 358 2461 dum
381 2394 611 2460 Aristoxenum
634 2397 667 2459 et
690 2393 962 2480 Theophrastum
986 2394 1025 2457 cf.
1048 2393 1104 2458 vit.
1128 2392 1219 2458 Alex.
1243 2415 1310 2478 cap.
1333 2391 1378 2481 4).

372 2503 448 2567 Tria
476 2502 640 2586 excipiunt
669 2500 791 2566 scholia
818 2501 890 2585 ipso
917 2501 1048 2566 nomine
1076 2501 1247 2585 conspicua
1275 2501 1315 2565 66
1341 2524 1370 2565 v.
1393 2500 1458 2564 423

282 2635 313 2696 p.
332 2610 398 2674 272
427 2608 477 2698 (5,
500 2631 529 2693 p.
547 2608 691 2693 77977,
719 2607 754 2695 5,
771 2631 802 2692 p.
822 2606 864 2671 25
878 2607 933 2695 Ι),
955 2607 993 2672 fr.
1016 2608 1061 2671 42
1070 2606 1121 2691 Β,
1148 2607 1219 2673 6611.
1243 2607 1299 2673 uit.
1322 2606 1458 2692 Lycurg.

283 2740 350 2802 cap.
381 2715 450 2804 13),
488 2716 527 2780 ed
563 2738 591 2780 v.
625 2714 690 2780 427
727 2738 757 2800 p.
790 2715 854 2779 277
895 2712 945 2802 (5,
972 2738 1002 2799 p.
1034 2713 1186 2800 78077,
1223 2714 1258 2800 5,
1285 2738 1315 2799 p.
1344 2713 1387 2778 25
1410 2713 1460 2801 Ι),

283 2825 321 2889 fr.
340 2825 384 2890 43
398 2822 465 2911 Β),
488 2824 526 2887 66
548 2822 705 2888 vocabulo
729 2822 904 2888 ἀκιώτατοι
928 2821 967 2886 66
990 2844 1018 2885 v.
1037 2819 1104 2887 435
1126 2844 1156 2905 p.
1176 2820 1290 2905 278,1
1316 2818 1459 2908 (ibidem,

283 2932 321 2996 fx.
345 2931 390 2995 44
408 2928 469 3017 Β.)
523 2927 679 2994 Addenda
705 2928 758 2993 his
781 2949 863 3013 ease,
887 2950 968 3012 quae
992 2931 1067 2992 sunt
1091 2928 1131 2993 ad
1153 2951 1182 2993 v.
1201 2927 1267 2993 452
1290 2950 1320 3012 p.
1340 2927 1460 3012 285,2

285 3036 338 3122 (fr.
352 3036 396 3101 45
407 3033 458 3122 Β.)
474 3036 512 3100 66
525 3034 661 3121 Lacone,
679 3035 843 3118 perspexit
861 3034 926 3099 iam
940 3032 1152 3100 Gaisfordius.
1189 3033 1238 3099 De
1253 3034 1460 3100 adnotatione

285 3144 373 3208 facta
400 3143 440 3206 ad
468 3166 495 3208 v.
515 3141 582 3206 464
608 3164 638 3225 p.
662 3140 742 3225 288,
765 3141 808 3207 26
839 3146 949 3206 monet
975 3141 1080 3226 locus,
1108 3142 1164 3226 qui
1194 3145 1244 3206 est
1271 3141 1307 3206 in
1329 3139 1460 3206 Oonviv.

286 3248 464 3334 quaestion.
492 3271 523 3332 p.
548 3247 611 3312 637
623 3248 644 3311 6
671 3245 734 3334 (66.
759 3246 853 3312 Bam.
876 3245 932 3312 IV.
959 3246 1045 3335 131).
1106 3247 1301 3333 Comparate
1339 3250 1460 3332 quaest.

285 3359 351 3421 nat.
370 3378 401 3439 p.
416 3355 507 3420 9136
529 3358 615 3419 recte
638 3354 792 3420 iudicavit
804 3353 1077 3439 Wyttenbaohius
1098 3354 1137 3420 de
1156 3355 1279 3421 scholio
1299 3355 1339 3419 ad
1352 3379 1380 3420 v.
1395 3354 1460 3420 485

285 3485 316 3546 p.
331 3460 397 3526 300
421 3459 466 3547 (5,
487 3484 518 3545 p.
540 3461 601 3526 781
617 3460 684 3548 77,,
706 3460 737 3546 5,
759 3485 790 3546 p.
809 3460 916 3548 251),
938 3462 976 3528 fr.
990 3460 1103 3550 49B.).

375 3566 463 3633 Idem
490 3567 650 3634 intellexit
679 3568 719 3632 66
741 3591 769 3634 v.
784 3569 850 3633 426
874 3591 913 3634 ex
936 3568 1099 3654 Hesychio
1124 3591 1192 3634 esse
1211 3570 1462 3654 recuperandum

286 3675 504 3761 fiagmentum
530 3675 698 3742 Plutarchi
725 3676 948 3741 commentarii
971 3674 1022 3764 (5,
1043 3699 1074 3761 p.
1094 3677 1160 3742 804
1173 3677 1240 3763 77,
1258 3677 1289 3764 5,
1306 3701 1336 3762 p.
1356 3675 1463 3764 321),

286 3781 324 3846 fr.
345 3782 387 3846 89
401 3779 461 3870 Β.)
507 3780 545 3847 In
567 3782 745 3850 Proclianis
767 3805 854 3850 nunc
877 3782 1010 3868 interiit,
1031 3804 1099 3851 non
1120 3783 1202 3848 11166
1225 3806 1333 3862 unum.

375 3887 498 3954 lterum
528 3890 721 3956 nominatim
754 3890 870 3955 adsunt
898 3889 961 3954 duo
994 3889 1116 3955 scholia
1144 3891 1184 3955 ad
1211 3914 1239 3955 v.
1259 3891 1324 3956 496
1347 3915 1377 3976 p.
1397 3890 1463 3955 305

288 3993 334 4082 (5,
350 4018 381 4079 p.
402 3995 543 4082 78277,
561 3995 592 4082 5,
609 4019 640 4080 p.
655 3995 762 4079 251),
779 3997 817 4060 t'r.
830 3995 874 4060 50
883 3995 919 4060 Β.
935 3995 1006 4060 6611.
1022 4002 1144 4080 quaest.
1159 4019 1248 4062 conv.
1268 4020 1298 4082 p.
1314 3995 1416 4086 6866)
1431 4002 1463 4061 61

288 4102 329 4167 66
341 4125 370 4168 v.
385 4101 452 4167 504
471 4103 508 4168 66
531 4103 661 4167 nomine
684 4103 802 4167 mensis
825 4101 1002 4168 Lenaeonis
1021 4127 1053 4188 p.
1072 4104 1136 4169 307
1158 4102 1202 4192 (5,
1222 4129 1252 4190 p.
1274 4104 1415 4191 78377,
1432 4103 1464 4191 5,

379 4350 406 4419 1)
423 4347 566 4404 Immerito
584 4350 680 4404 tamen
699 4349 736 4404 ad
755 4348 869 4405 Conviv.
890 4353 999 4419 quaest
1018 4351 1071 4406 VII
1089 4357 1105 4406 3
1125 4351 1178 4420 (ed.
1198 4350 1280 4406 Bem.
1294 4350 1334 4405 IV
1349 4354 1400 4405 261
1412 4352 1464 4420 sq.)

288 4452 452 4507 provocans.

1210 5147 1523 5152 ff*
