3342 5168
285 321 329 384 20
559 320 601 377 De
620 319 755 389 ampliore
773 319 841 373 olim
857 319 950 375 Procli
969 318 1176 376 commentario.

283 483 351 547 fere
379 504 504 566 semper
526 482 693 548 confundit
716 482 844 568 Taetna,
870 481 950 546 haec
972 485 1100 549 tantum
1122 481 1275 566 leguntur
1298 478 1343 567 (p.
1362 480 1456 570 238):

284 591 321 654 τὸ
350 588 391 654 δέ
416 613 453 672 γε
481 589 634 673 <γηραιὸς
661 585 699 654 dl
729 587 865 666 θάνοις’
894 586 1148 675 παρέγγραπτον
1175 588 1220 665 ὡς
1248 587 1455 673 άύιανόητον.

284 694 368 771 Quid
390 695 490 781 ergo?
512 695 650 760 Plurane
673 694 753 780 legit
775 694 927 761 Tzetzes?
950 693 1092 759 Minime.
1129 693 1234 759 Docta
1255 695 1397 781 nomina,
1419 698 1456 759 ut

283 802 463 885 imponeret
482 801 693 886 auditoribus,
711 801 818 865 finxit:
841 822 945 884 neque
964 801 1049 867 enim
1066 801 1238 886 ignorabat
1256 805 1288 865 et
1306 801 1456 867 Proclum

283 911 315 971 et
347 905 499 971 Veterem
535 907 628 971 illum
665 908 700 971 in
735 907 931 990 explicandis
967 906 1187 972 huiuscemodi
1217 908 1305 972 notis
1337 908 1456 975 criticis

282 1018 410 1097 praeter
432 1012 615 1077 Aristarchi
639 1017 670 1078 et
693 1013 860 1078 Plutarchi
882 1014 1013 1077 nomina
1035 1013 1125 1077 nulla
1148 1012 1340 1080 adhibuisse.

371 1119 481 1184 Unum
507 1120 561 1183 hic
589 1118 741 1187 addamus
769 1120 958 1203 exemplum.
1003 1118 1056 1184 Ad
1078 1143 1106 1184 v.
1127 1120 1191 1186 338
1221 1117 1264 1206 (p.
1284 1119 1364 1209 221)
1391 1121 1456 1189 Me

283 1226 444 1293 lanthium
472 1226 631 1309 tragicum
658 1226 768 1291 laudat
791 1226 918 1312 Tnetaa‚
945 1248 1021 1291 sane
1046 1248 1112 1291 non
1135 1227 1174 1291 de
1197 1249 1264 1293 suo.
1309 1227 1456 1292 Eundem

282 1355 411 1399 versum
439 1354 512 1397 cum
535 1331 727 1397 Plutarchus
753 1336 981 1397 commemoret
1004 1332 1043 1396 de
1065 1331 1169 1398 cohib.
1193 1333 1242 1398 ira
1263 1357 1294 1417 p.
1312 1332 1401 1398 453e
1424 1337 1456 1398 et

283 1441 321 1504 de
354 1462 426 1504 sera
456 1460 544 1503 num.
574 1438 658 1505 vind.
682 1462 712 1523 p.
731 1438 795 1504 551
803 1463 834 1524 a,
866 1439 1007 1507 dubitari
1038 1439 1167 1525 nequit,
1198 1440 1278 1523 quin
1308 1440 1456 1505 attulerit

283 1548 381 1611 etiam
410 1546 445 1609 in
473 1547 711 1611 commentario.
757 1546 940 1630 llxscripsit
967 1546 1041 1610 inde
1065 1546 1213 1631 Proclus‚
1239 1568 1325 1612 nunc
1349 1552 1456 1615 autem

284 1652 369 1738 apud
392 1652 540 1718 Taetaam
567 1653 791 1718 tantummodo
818 1654 997 1739 invenitur,
1025 1653 1082 1736 qui
1104 1652 1254 1719 Proclum
1277 1654 1455 1739 exscripsit.

371 1759 416 1823 Et
447 1760 601 1843 quoniam
629 1760 709 1824 satis
736 1764 786 1824 est
814 1761 1069 1827 demonstratum
1097 1759 1245 1824 Tnetzam
1272 1760 1456 1826 adhibuisse

281 1865 386 1931 multo
414 1865 608 1950 locupletius
636 1867 798 1950 exemplar
825 1867 946 1953 Procli,
972 1866 1135 1933 videamus
1164 1865 1202 1930 de
1225 1871 1355 1933 auctore
1377 1867 1455 1953 Ety-

281 1973 449 2058 mologici,
481 1972 568 2055 quod
599 1972 697 2058 vulgo
727 1973 883 2058 Magnum
913 1976 1058 2039 vocatur.
1101 1972 1165 2037 Hic
1196 1994 1324 2056 quoque
1355 1996 1456 2058 pauca

283 2079 430 2163 exempla
454 2100 633 2163 proponere
657 2080 736 2144 satis
759 2080 810 2144 sit.
846 2078 899 2147 Ad
920 2103 949 2145 v.
968 2079 1033 2142 477
1055 2077 1100 2167 (p.
1120 2077 1200 2167 295)
1224 2101 1305 2163 quae
1326 2081 1456 2147 nomine

282 2185 393 2249 Procli
412 2185 572 2270 adscripta
591 2189 676 2272 sunt,
700 2208 736 2250 ea
754 2190 923 2253 recurrunt
944 2187 980 2250 in
993 2185 1221 2272 Etymologico
1236 2184 1280 2273 (p.
1295 2186 1371 2272 401,
1386 2185 1455 2275 14):

285 2292 489 2376 εὐοχθέων
513 2290 543 2357 d’
567 2292 667 2371 ἵξεαι
690 2295 835 2360 πολιὸν
859 2296 938 2379 ἔαρ·
958 2291 1128 2376 Ἡσίοδος,
1150 2291 1224 2358 άντλ
1242 2302 1302 2358 τοῦ
1320 2297 1455 2379 χαίρων.

282 2401 426 2482 πλήθων
443 2407 502 2482 τῆς
521 2399 611 2483 ὀχῆς·
631 2400 691 2484 ὐχὴ
711 2396 748 2465 δὲ
766 2398 786 2482 ἡ
805 2402 926 2485 τροφή·
946 2405 1072 2485 εἴρηται
1091 2395 1128 2464 dl
1146 2400 1227 2463 κατά
1245 2400 1456 2484 πλεονασμὸν

282 2514 343 2571 ’τοῦ
366 2490 399 2569 θ.
437 2504 458 2588 dl
481 2508 583 2590 ὐχθος
607 2506 734 2589 λέγεται
759 2507 776 2572 ὁ
799 2509 912 2583 κόπος·
937 2505 1106 2589 εὐοχθέων
1128 2500 1190 2570 οὖν
1209 2505 1226 2570 ὁ
1244 2511 1353 2583 καλῶς
1372 2507 1455 2590 ἔχων

282 2618 342 2675 τοῦ
372 2614 493 2696 κόπου,
521 2613 539 2680 ὁ
568 2608 606 2678 εὖ
632 2615 841 2688 κεκοπιακὼς.
889 2611 909 2695 it
937 2613 1042 2695 άχθος
1068 2611 1089 2694 ἡ
1113 2612 1212 2695 λύπη·
1241 2612 1395 2696 εὐαχθῶν
1418 2608 1455 2677 δὲ

281 2716 482 2784 τούναντίον
517 2723 651 2804 χαίρων.
705 2720 895 2803 πλήθοντος
930 2728 991 2783 τοῦ
1029 2720 1175 2803 καρπού,
1216 2717 1454 2803 εὐοχθέστερον

281 2823 452 2910 παραγένῃ
482 2824 535 2891 ἐπὶ
563 2829 622 2893 τὸν
648 2827 802 2910 καθαρὸν
828 2827 947 2911 καιρὸν
974 2833 1034 2889 τοῦ
1063 2826 1166 2910 ἔαρος.
1212 2822 1321 2889 ἰστέον
1344 2824 1394 2889 ὅτι
1417 2826 1454 2890 τὸ

283 2925 320 2995 εὖ
343 2933 462 3016 μόριον
486 2931 551 2997 ciel
574 2930 629 2997 aul
653 2933 834 3008 διαπαντὸς
856 2929 930 2996 άντὶ
955 2941 1014 2997 τοῦ
1036 2936 1144 3008 καλῶς
1165 2931 1455 3015 παραλαμβάνεται

282 3037 369 3119 πλὴν
392 3046 452 3102 τοῦ
475 3038 645 3122 εὐώνυμος
668 3042 749 3122 χείρ.
794 3036 906 3120 Ipsum
929 3037 1075 3102 scholion
1097 3037 1132 3101 in
1154 3035 1382 3123 Etymologico
1406 3040 1455 3101 est

281 3142 490 3226 locupletius:
527 3144 616 3207 deest
647 3147 756 3208 tamen
786 3143 953 3228 Euripidis
984 3165 1104 3207 versus.
1150 3141 1213 3218 Qui
1243 3164 1317 3208 cum
1348 3164 1389 3207 ne
1420 3143 1456 3207 in

282 3247 450 3313 Procliano
479 3249 606 3332 quidem
635 3250 757 3315 scholio
785 3273 844 3314 suo
871 3251 942 3315 loco
967 3251 1009 3315 sit
1032 3250 1171 3334 positus,
1199 3249 1455 3333 transponendus

283 3359 344 3439 est,
373 3359 405 3419 et
429 3356 557 3438 quidam
579 3356 640 3442 ita,
662 3361 699 3421 ut
722 3356 902 3441 exemplum
927 3358 970 3421 sit
994 3357 1033 3421 ad
1056 3378 1107 3441 ea,
1133 3378 1214 3439 quae
1237 3356 1455 3439 suppeditavit

281 3461 558 3546 Etymologicum:
590 3460 664 3528 ἀντὶ
696 3474 755 3531 τοῦ
784 3471 892 3542 καλῶς
919 3450 1218 3548 παραλαμβάνεται.
1263 3461 1386 3526 Deinde
1415 3462 1455 3526 ad

281 3591 310 3632 v.
330 3567 396 3632 524
415 3565 458 3654 (p.
479 3567 558 3653 316)
577 3569 613 3633 in
630 3569 858 3656 Etymologico
876 3592 1010 3654 prorsus
1030 3573 1106 3634 sunt
1125 3568 1169 3656 (p.
1191 3570 1264 3656 111,
1283 3568 1318 3657 6)
1337 3569 1455 3654 eadem,

282 3674 453 3758 polypodis
473 3696 491 3738 a
506 3672 669 3740 Clitarcho
687 3698 805 3741 nomen
820 3683 936 3742 ἴουλον
949 3676 1027 3760 poni
1041 3676 1190 3762 traditur,
1207 3698 1275 3740 non
1288 3676 1454 3759 ἀνόστεος,

281 3784 319 3843 ut
337 3784 387 3844 est
406 3781 441 3844 in
460 3780 600 3846 scholiis.
636 3780 784 3866 Denique
802 3783 979 3867 pleniorem
998 3783 1121 3846 fontem
1140 3802 1301 3867 agnosces,
1325 3783 1353 3846 si
1371 3804 1454 3848 com·

281 3887 444 3970 paraveris
464 3909 537 3951 cum
555 3888 783 3974 Etymologico
802 3886 846 3974 (p.
864 3888 940 3974 594,
953 3886 1022 3975 46),
1040 3910 1122 3972 quaa
1140 3893 1269 3954 exstant
1287 3890 1327 3955 ad
1344 3914 1374 3954 v.
1388 3888 1454 3955 530

282 3992 325 4081 (p.
350 3992 429 4081 318)
461 3995 590 4059 nomine
616 3995 732 4060 Procli.
784 3995 847 4059 Hic
878 3997 964 4059 enim
998 3993 1042 4082 (si
1074 3995 1203 4079 quidem
1230 4001 1281 4061 est
1307 3993 1454 4082 Proclus)

281 4099 473 4163 vocabulum
502 4104 703 4185 μυλιόωντες
729 4101 792 4167 hoc
814 4101 909 4165 modo
937 4102 1093 4169 illustrat:
1123 4101 1376 4188 διεστραμμένοι
1399 4100 1454 4169 καὶ

281 4206 557 4290 συγκαμφθέντες
590 4208 655 4273 ὑπὸ
688 4218 748 4273 τοῦ
779 4208 902 4293 κρύους
935 4207 956 4291 ἢ
988 4210 1028 4274 τά
1060 4212 1151 4293 χείλη
1182 4218 1355 4285 κινοῦντες
1388 4209 1453 4274 ὑπὸ

280 4321 339 4395 τῆς
361 4316 576 4397 ψυχρότητος.
614 4315 746 4399 Κράτης
770 4311 807 4379 dl
831 4315 952 4400 γράφει
975 4319 1204 4399 μαλκιόωντες.
1242 4312 1305 4380 Sed
1322 4316 1357 4379 in
1374 4315 1453 4399 Ety-

280 4419 440 4504 mologico
469 4424 501 4483 et
528 4421 638 4502 priora
665 4420 779 4484 melius
808 4424 840 4485 et
863 4419 1012 4486 Oratetea
1037 4422 1134 4487 lectio
1164 4422 1355 4506 explicatur:
1387 4447 1454 4508 μυ-
