3390 5178
296 316 359 379 180
543 315 584 369 De
604 317 725 384 Operum
743 313 870 369 versibus
889 315 925 369 ab
946 314 1070 384 antiquis
1088 314 1220 371 laudatis.

292 478 401 561 potuit
423 477 615 542 Plutarchus
640 478 798 564 omittere,
822 479 850 543 si
872 479 1004 564 legisset
1024 479 1084 543 hos
1109 500 1229 566 versus,
1252 502 1334 564 quae
1358 480 1469 546 insunt

293 585 328 648 13
356 586 402 649 313
432 585 623 669 gravissima
653 585 692 649 ad
723 586 790 650 eius
828 586 866 649 de
896 585 1105 650 daemonibus
1137 586 1404 671 disputationem
1435 592 1469 652 st

292 692 404 755 statim
423 715 442 755 a
459 692 522 756 fine
540 716 568 757 r.
586 693 648 757 123
668 692 707 756 ad
726 716 754 757 v.
772 691 835 757 125
855 697 904 757 131
923 694 1049 757 transit.
1077 692 1191 777 Neque
1204 692 1378 758 Plutarcho
1402 716 1468 758 ver-

293 820 347 861 sus
369 802 465 862 notos
493 800 593 864 fuisse
621 801 739 865 iterum
762 800 857 864 testis
880 803 929 864 est
951 798 1095 886 Proclus,
1119 800 1174 883 qui
1197 804 1281 864 tacet
1304 801 1342 866 dc
1365 802 1411 865 eis
1434 802 1468 865 13

292 905 433 992 scholiis,
446 906 599 970 nimirum
609 906 696 991 quod
714 928 779 971 non
794 906 926 970 tractati
945 911 1036 970 erant
1050 906 1084 969 in
1097 906 1290 971 Plutarcheo
1310 928 1468 972 commen-

291 1012 384 1077 tario.
430 1011 482 1077 Ab
501 1011 728 1077 Alexandrinis
752 1012 897 1098 denique,
921 1015 977 1096 qui
1001 1013 1078 1097 quid
1098 1013 1238 1077 dixerint
1260 1013 1299 1077 de
1321 1015 1467 1079 versibus

292 1119 373 1183 scire
396 1120 472 1184 licet
502 1142 540 1183 ex
566 1119 780 1184 Choerobosci
804 1120 1049 1205 commentario,
1080 1119 1316 1204 Etymologicis
1347 1120 1466 1206 Magno

290 1250 320 1310 p.
335 1227 411 1313 437,
429 1227 470 1290 37
488 1226 698 1310 Gudisnoque
716 1250 745 1310 p.
761 1227 836 1312 249,
855 1227 886 1313 4,
904 1225 1035 1291 scholiis
1055 1226 1094 1290 ad
1112 1226 1247 1291 Homeri
1264 1226 1330 1291 43
1350 1226 1380 1314 (l
1395 1227 1467 1313 51),

290 1356 320 1417 p.
333 1334 383 1397 23
397 1332 525 1420 Bekk.);
540 1334 699 1420 Matrang.
710 1333 771 1397 An.
782 1356 827 1418 gr.
843 1357 872 1417 p.
883 1334 958 1418 377,
974 1333 1007 1418 73
1022 1331 1165 1398 (11331311
1178 1332 1239 1399 An
1255 1332 1339 1398 Ox.l
1353 1335 1427 1422 186,
1436 1336 1468 1422 3,

290 1438 352 1504 Α3.
370 1439 441 1504 Ρ31.
459 1438 507 1504 ΠΙ
528 1441 604 1526 271,
625 1442 679 1525 133
694 1441 770 1527 304,
797 1439 848 1527 15,
870 1441 908 1505 de
932 1441 1078 1505 versibus
1104 1439 1260 1527 124,125
1284 1441 1467 1526 disputatur

292 1550 329 1609 ut
348 1547 387 1610 ab
402 1545 545 1611 Hesiodo
563 1547 601 1612 de
619 1548 748 1611 herois
773 1547 877 1632 dictis,
897 1547 976 1630 quin
994 1548 1092 1611 etiam
1110 1547 1184 1611 inde
1201 1552 1357 1632 petuntur
1374 1570 1466 1634 argu·

289 1657 398 1716 menta
429 1653 468 1717 ad
498 1658 605 1737 etyma
638 1654 722 1718 vocis
753 1654 858 1740 1133133
890 1654 1078 1737 quaerenda.
1124 1653 1212 1729 Quae
1241 1655 1399 1738 quadrant
1428 1655 1467 1719 de

290 1759 409 1823 eisdem
431 1760 578 1824 versibus
601 1764 676 1843 post
699 1783 727 1824 v.
747 1759 812 1824 253
836 1760 997 1845 repetitis3
1020 1761 1061 1825 ab
1084 1760 1146 1824 hoc
1165 1764 1328 1847 contextu,
1352 1763 1380 1825 si
1403 1784 1466 1846 qua

290 1888 368 1930 sana
396 1866 688 1931 Alexandrinorum
718 1867 802 1931 ratio
837 1871 919 1953 3131,
951 1867 1056 1931 aliena
1086 1872 1163 1932 sunt
1193 1890 1290 1952 33331
1319 1869 1465 1933 maxime.

290 1970 411 2037 Contra
434 1996 506 2038 cum
535 1975 657 2038 nostris
679 1974 773 2038 libris
795 1973 979 2059 Hesiodeis,
1009 1975 1065 2058 331
1096 1996 1206 2038 313333
1230 1974 1383 2040 exhibent
1405 1975 1465 2040 hos

289 2101 410 2166 versus,
431 2081 555 2144 faciunt
577 2081 708 2145 Taetzes
731 2085 763 2145 et
782 2081 1012 2164 Moschopulus
1036 2081 1230 2165 interpretes
1254 2082 1465 2147 recentissimi

290 2209 320 2269 p.
343 2187 415 2250 120.
461 2187 628 2251 Eustathii
651 2188 816 2252 adnotatio
840 2210 870 2272 p.
892 2188 943 2274 17,
961 2188 1004 2251 39
1028 2191 1060 2250 31
1084 2187 1159 2273 379,
1177 2188 1220 2252 23
1244 2192 1276 2252 31
1295 2189 1465 2254 Themistii

290 2292 325 2356 in
344 2293 489 2357 oratione
508 2292 587 2358 VHI
606 2317 636 2377 p.
654 2294 716 2357 108
731 2293 826 2358 Dind.
850 2299 960 2357 utrum
979 2293 1018 2357 ad
1036 2294 1097 2358 hos
1111 2315 1221 2358 versus
1240 2318 1281 2359 an
1299 2296 1339 2359 ad
1357 2320 1385 2362 v.
1400 2295 1465 2360 255

289 2400 459 2485 pertineat,
477 2400 590 2484 nequit
608 2400 684 2485 diei3
702 2423 806 2483 neque
826 2400 1000 2485 quidquam
1017 2401 1148 2488 adrem,
1166 2423 1241 2464 nam
1254 2401 1465 2466 Eustathium

290 2505 418 2570 aliunde
436 2507 574 2572 vidimus
593 2507 754 2591 exemplar
773 2507 923 2592 vulgatae
937 2507 1131 2571 recensionis
1150 2508 1298 2572 manibus
1312 2510 1463 2573 tenuisse.

289 2612 524 2677 Testimonium
551 2618 659 2678 autem
682 2612 773 2678 Sexti
795 2614 953 2697 Empirici
980 2615 1015 2678 in
1037 2614 1207 2679 Hesiodcis
1230 2616 1376 2680 versibus
1399 2616 1465 2680 lau-

290 2721 402 2785 dandis
421 2723 608 2805 ceteroquin
627 2722 706 2785 satis
724 2722 926 2808 neglegentis
940 2721 975 2785 in
993 2721 1077 2785 libro
1101 2721 1170 2786 adv.
1185 2722 1336 2786 mathem.
1355 2719 1403 2786 IX
1423 2723 1464 2787 16

290 2825 333 2913 (p.
363 2828 428 2892 394
455 2828 501 2893 ed.
529 2826 704 2914 Bekkerp)
746 2829 864 2892 certius
907 2829 1032 2892 affirmo
1073 2828 1274 2892 referendum
1315 2850 1384 2893 esse
1425 2830 1465 2892 ad

289 2957 316 2998 v.
332 2934 397 2999 252
408 2958 488 3022 333,
509 2957 576 2999 333
602 2935 642 2999 ad
667 2936 797 3021 12433,
819 2957 891 2999 3331
915 2957 954 2999 ex
977 2935 1241 3018 praecedentibus
1264 2936 1333 3000 eius
1356 2936 1463 3000 verbis

289 3042 497 3106 manifestum
520 3042 563 3105 sit
586 3064 659 3105 eum
683 3041 721 3104 de
744 3041 823 3104 diis
847 3042 1025 3127 disputare,
1053 3042 1269 3125 3333313133
1293 3042 1387 3107 credo
1410 3065 1472 3107 ne-v

289 3169 376 3211 cesse
399 3151 449 3211 est
472 3147 590 3211 dixerit
617 3147 691 3210 illos
717 3149 824 3230 Ζηνὸς
851 3147 1043 3224 ἀθανάτους
1070 3150 1228 3232 φύλακας.
1276 3146 1463 3213 sinautem

287 3253 508 3337 nihilominus,
531 3276 595 3337 333
618 3256 687 3317 3131
709 3253 926 3341 neglegentia,
953 3253 1122 3319 daemones
1147 3255 1277 3343 dixerit,
1300 3256 1373 3320 inde
1396 3256 1463 3321 effi·

288 3360 371 3422 citur
395 3381 467 3422 eum
491 3359 652 3443 exemplar
674 3364 804 3424 nostrae
827 3360 1021 3426 recensionis
1044 3361 1169 3447 legisse.

377 3464 428 3529 Ne
459 3466 497 3530 de
529 3467 725 3530 testimoniis
757 3467 976 3552 Etymologici
1008 3467 1120 3553 Magni
1152 3491 1181 3553 p.
1209 3468 1284 3555 675,
1308 3469 1351 3534 23
1383 3490 1463 3533 neve

288 3572 455 3637 Eustathii
478 3574 518 3637 ad
541 3571 654 3657 Odyss.
672 3596 702 3658 p.
725 3575 891 3660 1541,12,
914 3575 1033 3659 quibus
1056 3575 1154 3639 verba
1180 3598 1281 3659 pauca
1303 3574 1463 3640 Hesiodea

288 3681 531 3766 confirmantur,
571 3681 632 3745 sim
663 3680 794 3769 longus,
829 3681 940 3745 statim
976 3703 1190 3747 commemoro
1218 3682 1327 3766 Etym.
1354 3682 1461 3767 Magn.

287 3809 318 3870 p.
339 3788 412 3874 745,
432 3788 461 3871 7,
484 3789 541 3852 ubi
570 3788 720 3852 laudatur
751 3811 779 3853 v.
801 3788 862 3852 131
894 3789 961 3851 fere
990 3788 1124 3875 integer.
1155 3827 1197 3835 —
1228 3788 1366 3854 Versum
1398 3789 1462 3854 132

288 3894 400 3958 3113111
423 3895 572 3959 Μ3131133
597 3896 681 3980 apud
705 3893 891 3969 Cramerum
913 3893 973 3959 An.
994 3893 1095 3959 Oxon.
1114 3893 1164 3960 ΙΙΙ
1187 3919 1216 3979 p.
1238 3896 1383 3982 119,13,
1405 3896 1462 3980 331

288 4001 385 4065 homo
421 4001 619 4085 Byzantinus
654 4024 726 4066 cum
762 4002 856 4065 libris
894 4002 1061 4066 deterioris
1098 4006 1195 4067 notae
1230 4002 1391 4067 consentit
1427 4002 1461 4066 in

289 4107 369 4173 ὅταν
387 4108 555 4193 ἡβήσειεν,
579 4130 690 4172 versus
712 4108 776 4173 134
793 4108 955 4193 posterius
978 4108 1219 4174 hemistichium
1237 4113 1349 4174 auctor
1366 4108 1461 4173 lexioi

379 4358 405 4424 1)
425 4353 479 4418 Qui
497 4363 648 4424 φοιτῶντες
666 4357 851 4410 commutavit
863 4356 893 4410 in
912 4365 1055 4427 φοιτῶσιν,
1074 4358 1107 4410 31
1124 4359 1220 4425 posset
1234 4357 1383 4411 adnectere
1402 4372 1461 4410 ver-

289 4459 351 4495 sum
369 4443 548 4501 Homericum
565 4462 587 4497 rr
601 4449 662 4497 487.
