3342 5168
283 389 326 455 22
586 385 628 439 Βε
647 383 761 439 scholiis
779 383 851 437 falso
869 382 968 437 Proclo
988 380 1145 451 adscriptis.

287 548 385 617 ἑαυτὸ
408 548 464 616 καί
487 549 597 636 ἀγαπᾷ
620 547 680 630 τὴν
698 547 856 630 τοιαύτην
875 546 970 628 ζωήν,
993 543 1013 627 ἣ
1031 545 1114 630 πρὸς
1132 545 1172 609 τὰ
1190 547 1324 630 χείρονα
1343 540 1456 628 βλέπει

283 656 338 722 καί
360 654 437 741 μητ’
459 655 596 721 ἐκείνων
615 652 724 719 ἐθέλει
744 656 801 736 ζῆν
821 651 953 735 ἀλόγων
972 654 1088 717 όντων.
1125 659 1255 736 τριττῆς
1274 645 1336 716 οὖν
1355 651 1456 733 οὔσης

284 773 342 848 της
374 764 588 849 ἀνθρωπίνης
620 763 716 844 ζωῆς,
748 760 786 823 τὸ
816 755 878 843 μέν
909 759 1096 843 πρώτιστον
1126 757 1189 823 ἀπὸ
1218 767 1278 822 τοῦ
1304 757 1458 840 Φάνητός

286 870 391 953 ἐστιν,
420 869 456 945 ὃς
484 868 565 933 αὐτὸ
593 876 698 932 νοοῦν
726 866 884 930 συνοίπτει
912 876 982 941 τοῖς
1004 876 1152 948 νοητοῖς,
1178 866 1215 929 τὸ
1240 860 1276 929 δὲ
1300 863 1456 949 δεύτερον

286 976 349 1042 ἀπὸ
377 985 437 1040 τοῦ
465 977 601 1060 Κρόνου
629 982 689 1039 τοῦ
717 974 866 1059 πρώτου,
896 970 1000 1056 φησὶν
1028 971 1046 1036 ό
1073 978 1196 1055 μῦθος,
1227 970 1457 1053 ἀγκυλομητον

284 1079 339 1148 καὶ
368 1082 477 1147 πάντα
504 1082 586 1163 πρὸς
614 1077 733 1144 ἑαυτὸν
760 1088 937 1155 ποιοῦντος
964 1075 1189 1164 ἐπιστρέφειν,
1216 1078 1253 1142 τὸ
1282 1073 1319 1141 δέ
1344 1079 1457 1160 τρίτον

285 1189 349 1254 ἀπὸ
373 1189 458 1265 Διὸς
484 1195 545 1252 τοῦ
572 1197 639 1251 τῶν
668 1182 833 1269 δευτέρων
856 1195 1014 1270 προνοεῖν
1036 1181 1092 1248 καί
1115 1184 1308 1267 διακοσμεῖν
1330 1186 1370 1247 τὰ
1392 1186 1458 1267 χεί-

287 1318 371 1380 ρονα
408 1293 636 1368 διδάσκοντος·
676 1300 774 1356 τοῦτο
811 1292 874 1377 γὰρ
909 1291 997 1355 ίδιον
1030 1291 1255 1375 δημιουργίας.
1301 1288 1319 1355 δ
1352 1287 1392 1353 δέ
1422 1312 1458 1372 γε

283 1399 440 1476 Ἡσίοδος
456 1404 524 1464 κτλ.
570 1396 729 1462 Ocnscsne
751 1397 791 1462 ad
807 1396 986 1461 Hesiodum
1003 1395 1233 1480 philosophum
1251 1393 1459 1478 Ncoplatoni·

288 1529 361 1572 cum
387 1505 472 1570 nihil
500 1505 667 1589 scripsisse
694 1505 759 1569 nisi
786 1526 868 1587 quae
894 1525 980 1568 nunc
1007 1506 1136 1568 exstant
1164 1499 1331 1590 (ρ.121);,
1357 1501 1374 1566 ὁ
1398 1497 1459 1584 μὲν

285 1612 430 1700 Ὀρφεὺς,
442 1622 503 1677 τοῦ
522 1611 672 1698 ἀργυροῦ
691 1609 809 1694 γένους
827 1607 1133 1695 βασιλεύειν,φησὶν
1146 1611 1206 1675 τὸν
1219 1610 1365 1694 Κρόνον,
1382 1611 1460 1684 τοὺς

287 1722 369 1786 κατὰ
392 1721 452 1784 τὸν
474 1720 627 1802 καθαρὸν
650 1721 751 1801 λόγον
775 1722 897 1796 ζῶντας
920 1716 1087 1802 ἀργυροῦς
1110 1714 1227 1799 λέγων,
1251 1716 1359 1799 ὥσπερ
1382 1717 1460 1791 τοὺς

288 1827 370 1892 κατὰ
393 1828 452 1891 τὸν
474 1832 560 1889 νοῦν
582 1826 687 1908 μόνον
705 1831 858 1909 χρυσοῦς.
905 1823 922 1888 ὁ
947 1819 984 1887 δὲ
1003 1821 1158 1899 Ἡσίοδος
1180 1821 1269 1888 art?

378 1931 424 1996 Ut
444 1953 601 1995 summam
621 1930 749 1994 faciam:
773 1934 931 2014 excerpta,
956 1929 1022 1993 sive
1040 1930 1152 2015 mavis,
1170 1932 1392 2014 excerptorum
1410 1949 1461 1992 ex-

289 2043 400 2123 cerpta
423 2042 507 2122 sunt,
532 2059 613 2120 quac
636 2036 903 2102 circumferuntur
925 2034 1102 2100 Procliana.

863 2232 893 2296 2.

263 2403 265 2408 -
379 2355 457 2422 Non
479 2378 548 2432 csse
571 2357 687 2442 omnia,
710 2378 791 2440 quac
809 2356 916 2421 Procli
933 2378 1019 2421 nunc
1037 2357 1167 2421 nomine
1186 2357 1359 2441 conspicua
1378 2359 1464 2442 sunt,

291 2488 331 2529 cx
354 2486 419 2529 uno
443 2464 617 2547 eodemque
639 2463 730 2528 fonte
752 2463 906 2548 profecta,
928 2463 1024 2527 huius
1047 2464 1095 2527 rei
1118 2463 1236 2527 indicio
1260 2466 1309 2527 cst
1331 2462 1383 2527 vel
1400 2464 1462 2527 for·

290 2571 379 2638 mula
417 2570 473 2635 illa
509 2573 630 2655 ἄλλως,
667 2592 730 2655 qua
765 2570 805 2634 ad
837 2570 936 2634 alium
966 2569 1147 2654 relegamur
1180 2573 1351 2634 auctorem.
1402 2567 1464 2634 sed

292 2677 478 2762 saepissime
501 2677 598 2741 etiam
621 2676 740 2761 ineis,
764 2699 845 2761 quae
868 2677 1089 2741 continuatam
1112 2676 1197 2740 inter
1220 2698 1254 2740 se
1276 2676 1464 2740 memoriam

293 2784 444 2849 exhibere
468 2784 627 2869 videntur,
650 2784 734 2848 ratio
758 2783 912 2868 postulat,
935 2786 972 2847 ut
995 2806 1014 2846 a
1034 2782 1149 2847 Proclo
1168 2782 1323 2867 quaedam
1342 2782 1465 2846 abiudi-

293 2912 409 2956 cemus.
447 2890 520 2955 Hoc
542 2895 580 2954 ut
602 2893 690 2954 certa
712 2890 765 2954 via
783 2911 819 2953 ac
837 2890 963 2953 ratione
980 2890 1048 2976 fiat,
1070 2889 1181 2973 paucis
1199 2911 1275 2953 mox
1293 2889 1463 2954 illustrabo

294 2999 500 3063 Proclianum
518 2996 752 3081 interpretandi
770 3017 880 3081 genus.
916 2994 1050 3060 Interim
1070 3018 1087 3059 c
1105 3017 1140 3060 re
1159 2997 1220 3060 erit
1234 3018 1273 3060 cx
1287 2996 1465 3061 Tzctzianis

295 3104 417 3187 aliquid
444 3103 480 3168 in
506 3103 592 3167 hunc
619 3124 714 3166 usum
742 3105 935 3167 convertere.
979 3102 1068 3167 Dicit
1096 3103 1181 3167 enim
1208 3103 1263 3167 illc
1291 3104 1332 3167 ad
1353 3126 1381 3168 v.
1403 3102 1473 3168 155-

295 3207 453 3298 (p.134):
482 3209 715 3291 ε’κποίγλους·
743 3211 1038 3293 καταπληκτικοός,
1066 3212 1246 3296 φοβερούς,
1275 3210 1310 3275 ἐκ
1332 3220 1392 3275 τοῦ
1416 3210 1466 3275 ἐκ-

293 3319 439 3400 πλησσω.
477 3315 559 3381 ἀλλὰ
578 3320 613 3380 τί
630 3315 666 3381 έν
684 3328 754 3393 τοῖς
770 3316 860 3382 ποίνυ
875 3315 995 3401 σαφέσι
1009 3322 1271 3402 πολυλογοῦμεν,
1288 3317 1465 3400 καθάπερ

294 3420 401 3500 τινὲς
424 3422 573 3508 ἕτεροι,
596 3424 636 3488 οί
656 3424 701 3487 sol
724 3425 844 3506 λόγου
868 3422 1034 3508 ἐχόμενα
1056 3422 1120 3489 καί
1143 3425 1212 3501 τὰς
1230 3424 1466 3509 ἀλληγορίας

294 3529 501 3614 παρέντες,
523 3526 599 3616 περὶ
622 3531 666 3594 τόι
689 3540 852 3595 τοιαῦτα
876 3530 1163 3616 έχρονοτρίβησαν.
1200 3529 1288 3594 Haec
1306 3531 1345 3594 de
1363 3552 1467 3616 gram-

295 3635 423 3701 maticis
453 3635 590 3700 scribere
617 3636 673 3700 illc
699 3637 822 3722 potuit,
850 3636 888 3700 dc
913 3636 1027 3701 Proclo
1056 3636 1227 3722 allegoriae
1254 3640 1390 3720 patrono
1414 3635 1466 3725 (cf.

294 3766 325 3826 p.
353 3739 431 3829 128)
462 3764 530 3807 non
560 3742 678 3826 potuit.
725 3742 815 3828 Ergo
848 3742 911 3807 fuit
944 3742 1022 3807 olim
1052 3742 1138 3807 inter
1165 3742 1333 3807 Procliana
1360 3743 1466 3828 verba,

296 3849 382 3933 quod
409 3852 477 3913 crat
504 3849 713 3934 grammatica
741 3849 888 3914 doctrina
918 3849 1133 3934 conspicuum.
1178 3848 1267 3914 Idem
1289 3849 1404 3914 Τισίαν
1427 3850 1466 3914 ad

294 3979 323 4021 v.
342 3956 408 4021 286
427 3953 472 4042 (p.
493 3954 571 4043 198)
595 3978 667 4021 cum
689 3955 838 4021 irrisione
858 3956 1008 4041 quadam:
1032 3959 1132 4040 τυχὸν
1151 3957 1214 4042 γάρ
1232 3980 1282 4034 τις
1300 3953 1337 4042 (l)
1358 3955 1467 4023 ἐθέλει

295 4063 523 4147 γραμματικὴν
550 4061 669 4146 ἀρετὴν
699 4062 953 4146 ἐπικτήσασθαι,
976 4061 1031 4127 καὶ
1055 4062 1115 4127 οὐκ
1139 4061 1266 4139 εὐθέως
1293 4062 1394 4147 αὐτῆς
1416 4066 1465 4145 γί-

297 4192 387 4232 νεται
411 4166 557 4252 μέτοχος,
576 4168 659 4232 ἀλλὰ
677 4171 841 4252 πρότερον
862 4168 964 4235 αὐτὸν
984 4168 1136 4234 ἐκδίδωσι
1155 4181 1225 4245 τοῖς
1244 4170 1467 4253 στοιχειώδεσι

296 4273 478 4358 γράμμασι,
506 4268 575 4338 εἶτα
598 4286 670 4350 ταῖς
692 4278 873 4358 συλλαβαῖς
900 4273 954 4339 καὶ
982 4284 1021 4360 τη
1050 4281 1148 4360 λοιπῇ
1176 4276 1328 4362 παιδεία,
1356 4278 1466 4340 ἔπειτα

296 4388 335 4465 τη
354 4382 540 4444 Διονυσίου
563 4383 682 4467 βιβλίῳ
705 4378 878 4465 προσέχων
898 4379 953 4445 καί
976 4393 1046 4459 τοῖς
1067 4382 1250 4446 Θεοδοσίου
1272 4383 1388 4447 κανόσι
1411 4379 1466 4446 καὶ

298 4499 461 4570 ποιηταῖς·
500 4482 569 4551 εἶτα
606 4487 848 4574 σχεδογραφίας
879 4487 1071 4575 ἀπέρχεται·
1108 4486 1162 4552 καί
1194 4488 1300 4554 πολλὰ
1331 4494 1468 4565 πολλοῖς
