3342 5168
271 321 315 387 54
740 315 853 372 Scholia
870 315 970 371 Procli.

270 484 426 549 tationem
456 505 540 567 eam,
570 503 667 566 quem
694 480 776 546 solet
804 479 939 565 singidis
968 476 1149 566 carminis1)
1178 476 1326 562 partibus
1354 493 1444 558 prae-

271 591 410 655 mittere.
455 587 595 654 Aliunde
631 587 710 652 haec
745 587 915 652 restituere
951 608 1036 651 nunc
1071 607 1138 650 non
1172 584 1256 649 licet.
1285 619 1327 629 -
1357 578 1444 655 Quae
1479 602 1482 605 ·

271 695 425 781 leguntur
447 694 614 760 Procliani
637 717 667 778 p.
686 694 745 779 46,
758 694 913 779 29-41,
927 695 962 779 2,
985 696 1061 758 sunt
1084 691 1197 777 procul
1219 689 1318 754 dubio
1341 706 1445 773 gram·

272 802 383 866 matici
409 799 613 886 interpretis,
639 821 706 865 non
726 799 846 865 Procli:
874 822 956 884 quae
977 800 1123 884 loquitur
1147 797 1328 862 scholiasta.
1344 816 1374 878 p.
1392 790 1447 875 47,

273 906 397 994 3-10,
424 928 536 972 eorum
564 907 760 972 mentionem
782 907 858 971 fecit
880 905 995 971 Taetaa
1017 929 1047 991 p.
1065 904 1119 992 45,
1141 905 1191 968 16.
1216 942 1255 951 —
1280 900 1333 968 Ad
1355 922 1384 964 11.
1405 896 1448 961 14

272 1037 302 1099 p.
321 1013 380 1099 48,
393 1013 574 1099 33-49,8
602 1013 709 1079 Procli
735 1013 892 1078 habemus
916 1012 1088 1099 scholium,
1114 1012 1198 1076 unde
1221 1015 1332 1075 tamen
1353 1003 1449 1070 facile

273 1120 495 1206 disiungamus
518 1120 711 1185 vocabulum
733 1120 875 1205 primum
896 1121 1092 1205 ὑπερβατόν.
1134 1117 1226 1195 Quod
1247 1118 1357 1201 ipsum
1378 1132 1450 1196 per·

271 1227 356 1291 tinet
375 1226 415 1289 sd
427 1229 570 1291 veterem
584 1226 803 1311 interpretem,
821 1227 906 1311 apud
920 1249 1016 1312 quem
1028 1230 1141 1311 postea
1155 1221 1451 1290 Alexandrinorum

273 1332 453 1398 doctrinam
475 1332 685 1397 inveniemus.
722 1332 810 1409 Quae
832 1333 943 1399 eadem
962 1334 1081 1419 pagina
1099 1355 1128 1397 v.
1147 1331 1255 1397 9-11
1275 1326 1452 1393 traduntur

273 1443 307 1504 et
338 1438 488 1503 lemmate
519 1442 649 1504 tantum
678 1440 892 1525 seiunguntur
919 1440 960 1505 ab
987 1440 1068 1525 illis,
1100 1461 1181 1524 quae
1208 1435 1340 1502 exhibet
1365 1430 1453 1495 liber

273 1544 441 1609 Parisinus
468 1546 710 1610 recentissimus
738 1544 791 1633 (cf.
813 1551 926 1611 notam
949 1544 995 1632 q),
1017 1568 1054 1610 ea
1076 1545 1193 1609 deberit
1218 1544 1316 1609 etiam
1341 1536 1454 1623 posito

273 1652 384 1729 ἄλλως
408 1651 516 1716 dividi.
563 1649 633 1716 Iam
660 1673 759 1736 supra
787 1649 831 1739 (p.
855 1651 913 1739 30)
942 1653 1197 1717 demonstratum
1228 1653 1295 1734 cst,
1327 1646 1457 1731 opinor,

142 1788 145 1791 ·
273 1756 354 1822 haec
375 1756 519 1822 hominis
538 1755 719 1822 Christiani
740 1779 824 1842 esse,
849 1759 968 1823 veteris
990 1759 1145 1823 nimirum
1162 1754 1364 1842 interpretis,
1384 1770 1458 1815 non

273 1861 389 1928 Procli.
436 1861 589 1928 Ceterum
621 1867 736 1928 contra
767 1864 947 1929 doctrinam
978 1865 1014 1930 in
1041 1866 1109 1930 eius
1138 1864 1261 1930 scholio
1289 1861 1330 1926 ad
1356 1881 1385 1923 r.
1412 1853 1456 1919 17

275 1992 307 2054 p.
321 1968 377 2055 49,
393 1969 525 2034 13-20
543 1969 698 2034 traditam
716 1969 861 2054 disputat
879 1970 996 2035 Tzetza
1013 1994 1044 2056 p.
1057 1972 1111 2057 49,
1125 1969 1267 2053 25-50,
1279 1968 1312 2055 3,
1330 1982 1459 2030 memor

275 2077 326 2138 est
348 2073 396 2137 rei
419 2074 518 2138 etiam
541 2073 774 2159 Moschopulus
792 2097 822 2159 p.
841 2074 896 2160 48,
914 2075 966 2139 30.
988 2114 1026 2123 -
1048 2076 1136 2153 Quae
1158 2076 1297 2161 explieat
1318 2068 1459 2137 Proclus

275 2179 317 2244 ad
339 2201 369 2243 v.
391 2178 431 2242 18
455 2203 486 2265 p.
504 2179 560 2264 50,
576 2179 708 2244 14-24
732 2177 785 2267 (ex
808 2185 901 2264 parte
924 2183 1096 2268 exscripsit
1118 2179 1246 2268 hhetza)
1270 2202 1307 2245 ea
1329 2177 1462 2258 docent,

273 2306 509 2371 nonnunquam
539 2285 671 2371 planam
702 2286 833 2370 quidem
859 2287 964 2372 illius,
996 2290 1052 2353 sed
1077 2290 1205 2354 inanem
1230 2288 1330 2352 fuisse
1356 2284 1461 2348 inter-

274 2391 501 2475 pretationem.
525 2429 568 2438 —
592 2389 646 2457 Ad
671 2414 701 2456 r.
727 2393 855 2457 19-21
888 2395 1048 2459 nonnulla
1079 2399 1156 2460 sunt
1186 2394 1300 2459 Proclo
1333 2387 1461 2455 scholia

275 2497 439 2582 adscripta
459 2496 504 2585 (p.
517 2497 574 2583 51,
589 2498 730 2582 14-52,
744 2500 774 2582 2,
788 2499 887 2583 3-6,
900 2498 1060 2587 20-21),
1079 2522 1160 2585 qnae
1177 2501 1326 2565 videntur
1344 2492 1461 2581 augeri

272 2625 371 2688 posse
394 2604 456 2689 eis,
480 2625 564 2688 quae
586 2603 820 2689 Moschopulus
842 2605 942 2671 habet
965 2606 1119 2671 1111121
1142 2629 1173 2691 p.
1192 2605 1246 2692 52,
1263 2601 1408 2686 31-53,
1423 2601 1461 2664 1:

273 2709 456 2794 explicatur
487 2711 575 2775 enim
607 2710 644 2774 in
674 2710 742 2775 illis
769 2711 965 2777 vocabulum
992 2715 1094 2797 ἔργον
1120 2734 1159 2777 ex
1185 2708 1460 2798 philosophorum

272 2837 379 2901 more,
409 2816 443 2880 id
476 2817 565 2901 quod
596 2816 736 2881 maxime
768 2816 925 2882 abhorret
958 2841 978 2882 a
1010 2817 1216 2903 simplicitate
1241 2813 1459 2900 Moschopuli.

271 2921 363 2987 Idem
404 2922 492 2987 valet
532 2923 569 2986 in
609 2921 818 3006 Moschopuli
858 2922 1161 3007 interpretationem
1200 2924 1291 2989 verbi
1334 2926 1460 3005 ζηλοῦν

271 3051 303 3112 p.
322 3027 382 3111 53,
395 3027 545 3111 28-54,
559 3029 596 3111 2,
623 3048 706 3110 quae
732 3026 848 3110 procul
874 3027 975 3093 dubio
998 3030 1068 3093 eins
1089 3052 1156 3094 non
1177 3035 1227 3094 est
1247 3029 1388 3114 propria
1411 3063 1459 3073 -

270 3134 333 3217 Ea,
356 3155 439 3217 qnae
461 3156 493 3217 p.
511 3132 566 3215 54,
581 3132 681 3215 6-9,
695 3131 828 3196 29-21
852 3133 1073 3219 inveniuntur,
1093 3158 1226 3220 prorsus
1246 3135 1329 3200 male
1347 3132 1460 3198 distri-

270 3240 353 3304 bnta
376 3243 454 3304 sunt
477 3237 618 3303 scholia:
640 3238 761 3323 priora,
784 3238 905 3323 quibus
928 3240 1101 3324 explicatio
1124 3242 1215 3305 verbi
1237 3244 1360 3325 ἄφενος
1382 3260 1459 3303 con-

269 3345 404 3426 tinetur,
422 3347 510 3409 certe
522 3343 633 3408 Procli
649 3364 718 3408 non
736 3349 824 3429 sunt,
842 3345 964 3430 quippe
983 3367 1065 3430 quae
1082 3347 1117 3410 in
1135 3348 1251 3430 etymis
1265 3344 1458 3430 quaerendis

268 3454 451 3532 versentur,
468 3451 654 3535 posteriora
666 3471 755 3533 vero,
773 3450 902 3515 etiamsi
915 3474 975 3535 per
988 3453 1098 3529 ἄλλως
1109 3457 1274 3538 notantur,
1290 3455 1459 3516 auctorem

266 3557 424 3643 produnt,
445 3579 519 3622 cnm
541 3557 621 3621 haee
644 3556 800 3643 legimus:
823 3556 1090 3642 προτρέπεται
1112 3560 1195 3641 πρὸς
1216 3559 1381 3640 γεωργίαν
1399 3556 1459 3619 διὰ

266 3675 368 3730 τοῦτο
396 3668 430 3728 et
457 3674 559 3730 τοῦτο
587 3665 643 3729 δεῖ
662 3669 795 3748 μᾶλλον
817 3662 1000 3745 ἐπανάγειν
1023 3666 1081 3739 εἰς
1102 3665 1147 3727 τὰ
1169 3661 1356 3745 εἰρημένα
1378 3658 1458 3743 περὶ

264 3780 326 3855 τῆς
350 3775 507 3857 χείρονος
532 3771 654 3855 ἔριδος.
701 3767 862 3834 conferas
889 3769 990 3833 etiam
1016 3791 1048 3852 p.
1070 3766 1129 3850 55,
1142 3767 1194 3831 33.
1218 3804 1260 3813 -
1283 3765 1336 3830 Ad
1357 3787 1387 3828 r.
1412 3765 1457 3829 27

262 3879 370 3945 Procli
385 3882 464 3945 sunt
477 3877 638 3943 nonnulla
650 3900 683 3961 p.
697 3876 753 3959 55,
767 3874 911 3940 20-25.
944 3874 1034 3950 Quae
1045 3873 1145 3958 paulo
1157 3876 1233 3957 post
1248 3869 1292 3958 (r.
1305 3868 1457 3956 30-33)

262 3987 462 4053 exhihentur
489 3986 530 4050 de
557 4006 637 4049 roes
663 3986 884 4067 κακόχαρτος,
912 3982 984 4046 eius
1010 4001 1080 4045 non
1107 3982 1183 4042 sunt
1210 3977 1326 4043 omnia
1371 3975 1460 4041 Dico

259 4096 366 4180 prima
387 4090 551 4158 voeabula
573 4089 595 4172 ἢ
617 4090 639 4173 ἡ
662 4100 780 4164 κανοῖς
801 4092 967 4171 χαίρουσα
989 4087 1020 4168 ἦ.
1056 4083 1146 4149 Haec
1169 4083 1284 4147 desunt
1306 4082 1342 4145 in
1358 4080 1461 4146 libris

259 4198 501 4267 vetustissimis
526 4200 561 4260 et
588 4200 666 4260 sunt
692 4193 934 4280 proculdubio
962 4191 1124 4257 translata
1148 4211 1167 4252 e
1188 4187 1313 4253 scholio
1335 4187 1461 4250 veteris

256 4345 475 4357 ——--

346 4436 373 4502 1)
393 4430 435 4486 ot.
455 4428 495 4483 id
513 4444 540 4481 v.
557 4430 583 4495 1,
600 4430 646 4495 ia,
665 4430 729 4494 sor,
747 4428 811 4493 sue,
830 4429 883 4478 roi
897 4424 952 4477 ceo.
