3366 5168
419 324 573 381 Aristonici
590 326 655 394 περὶ
673 322 794 396 σημείων
811 333 862 380 τοῦ
877 322 1009 381 Ἡσιόδου
1027 325 1193 397 fragmenta.
1326 329 1389 393 135

218 489 308 555 illam
334 490 403 574 ipse
429 489 545 554 misere
572 488 761 553 confecisset
788 487 961 574 perductus
988 488 1070 553 falsa
1102 491 1261 556 sententia
1292 492 1389 557 etiam

217 596 413 662 nostratium
440 596 605 660 nonnullis
632 592 811 682 probata‚1)
834 618 873 660 ex
896 617 960 679 qua
987 598 1058 660 toto
1086 595 1225 661 carmine
1248 596 1388 682 Operum

220 726 317 788 quam
334 703 455 768 malum
480 703 523 767 sit
546 701 735 769 contendere
759 724 831 767 cum
853 701 1040 767 melioribus
1059 703 1239 788 exponitur.
1257 743 1301 751 —
1319 705 1388 770 lam

218 810 331 875 dubito
362 831 404 875 an
429 809 483 874 hic
509 809 578 874 iure
606 809 821 895 adiungantur
851 810 1071 875 commentarii
1098 809 1277 875 Aristonici
1304 813 1387 898 frag-

217 918 343 1002 mentis,
368 939 449 1001 quae
473 919 584 981 extant
611 937 684 980 cum
705 915 836 980 nomine
859 913 1038 979 Aristonici
1060 914 1180 979 tradita
1202 916 1246 1002 in
1259 914 1387 983 Orionis

216 1023 444 1109 Etymclogico
468 1045 497 1107 p.
520 1021 573 1109 96,
593 1022 635 1086 27
668 1044 742 1086 cum
767 1025 846 1086 nota
873 1019 1001 1085 Lehrsii
1030 1021 1260 1088 emendatione.
1286 1060 1324 1070 —
1349 1024 1388 1089 In

217 1129 338 1195 scholio
364 1128 579 1194 Ohcercbcsci
597 1151 627 1212 p.
639 1128 746 1215 191‚1
766 1127 806 1192 ad
824 1151 853 1193 v.
868 1127 933 1192 276
952 1130 1003 1192 est
1020 1125 1198 1192 Aristonici
1217 1129 1387 1214 explicatio

215 1234 415 1301 Aristarchei
443 1234 542 1320 signi:
578 1237 616 1300 τὸ
640 1246 778 1320 σημεῖον
801 1232 862 1322 (sic
885 1256 958 1298 cum
980 1232 1112 1298 Flachio
1136 1239 1168 1298 et
1191 1234 1387 1301 editionibus

217 1340 405 1428 veteribus),
429 1342 479 1408 ὅτι
503 1341 662 1409 οὐδέποτε
677 1340 820 1429 Ὅμηρος
842 1345 948 1426 νόμον
972 1336 1071 1407 εἶπεν.
1117 1339 1273 1407 Erravere
1288 1342 1387 1408 Hein-
1442 1338 1443 1341 '

217 1450 298 1534 siue,
326 1447 539 1533 Oaisfordius,
567 1449 636 1534 alii,
664 1471 737 1513 cum
764 1449 922 1533 optimum
949 1447 1029 1514 illud
1056 1449 1094 1513 τὸ
1122 1459 1258 1533 σημεῖον
1285 1453 1387 1514 muta-

215 1546 287 1620 rent
313 1555 348 1619 in
376 1557 527 1641 σήμηνον
555 1556 607 1620 vel
630 1559 824 1644 σημείασαι,
851 1556 970 1640 quippe
993 1555 1049 1640 qui
1072 1577 1145 1619 cum
1167 1554 1301 1620 Heinsio
1325 1554 1386 1643 (ed.

216 1660 315 1727 Gaisf.
343 1684 372 1746 p.
397 1662 463 1727 280
489 1665 556 1727 not.
581 1660 660 1749 156)
699 1661 778 1727 haec
809 1661 966 1727 vocabula
995 1664 1090 1726 notas
1123 1661 1387 1728 scholasticorum

216 1768 357 1833 eiusdem
376 1769 474 1852 pretii
492 1790 529 1833 ac
546 1772 694 1833 nostrum
711 1772 808 1854 ‚mota
826 1766 925 1833 bene“
948 1769 1124 1853 crederent;
1147 1789 1210 1852 quo
1235 1789 1330 1833 sensu
1352 1792 1387 1834 re

215 1897 290 1939 vera
313 1878 510 1960 usurpantur
528 1874 729 1960 sapientior
747 1873 800 1939 vel
818 1876 1057 1960 σημειούμοοα;
1076 1874 1114 1938 cf.
1135 1874 1251 1959 Γ306,
1267 1880 1298 1941 Φ
1311 1874 1385 1942 588.

216 1979 277 2046 Sed
299 1986 337 2046 ut
359 1982 399 2047 ad
421 2004 489 2047 rem
511 1981 652 2068 redeam,
675 1985 724 2046 est
746 1980 824 2046 haec
847 1981 1030 2047 observatio
1053 1979 1234 2046 Aristarchi
1255 1983 1387 2070 optima,

215 2111 278 2172 qua
308 2088 406 2154 simul
434 2088 575 2153 ostendit
603 2088 666 2153 sibi
695 2109 728 2152 se
758 2110 883 2172 semper
910 2091 1064 2154 constare.
1116 2085 1270 2154 Oonferas
1300 2090 1385 2154 enim

214 2194 282 2259 eius
311 2194 502 2260 sententiam
531 2195 566 2259 in
593 2194 716 2259 scholio
744 2194 783 2258 ad
811 2194 914 2281 0487
939 2198 972 2259 et
994 2219 1015 2259 α
1034 2193 1091 2281 33)
1138 2194 1251 2260 Obiter
1273 2196 1386 2262 addam

214 2301 296 2365 effici
325 2300 385 2366 hac
407 2300 590 2367 Aristarchi
618 2301 826 2366 adnotatione
853 2301 893 2366 ab
918 2322 955 2366 eo
979 2301 1063 2365 inter
1086 2300 1221 2367 Homeri
1244 2304 1385 2368 carmina

213 2406 352 2491 hymnos
383 2429 450 2474 non
482 2430 550 2473 esse
581 2411 777 2492 numeratos,
807 2428 879 2472 cum
909 2408 1091 2473 inveniatur
1113 2429 1176 2472 vox
1199 2411 1302 2494 νόμος
1323 2409 1384 2475 hoc

214 2513 326 2579 eodem
360 2536 455 2580 sensu
487 2518 642 2598 usurpata
674 2514 709 2579 in
739 2513 861 2598 hymno
893 2515 929 2579 in
955 2513 1061 2598 Apoll.
1088 2512 1159 2577 Del.
1183 2513 1234 2578 20.
1263 2551 1306 2560 -
1333 2513 1384 2580 Ad

213 2643 242 2686 v.
257 2621 322 2687 293
341 2644 370 2706 p.
385 2621 461 2706 201,
475 2619 518 2685 25
541 2620 725 2685 monuimus
749 2642 847 2704 supra
869 2643 899 2704 p.
917 2621 957 2685 19
981 2622 1093 2685 contra
1114 2618 1294 2684 Usenerum
1308 2618 1383 2707 (Rh.

212 2726 356 2792 M.XXII
366 2725 483 2815 psas)
502 2727 611 2791 omnia
628 2726 767 2792 illaesae
782 2725 951 2791 Taetziana
963 2746 1066 2811 neque
1081 2725 1255 2810 quidquam
1269 2748 1287 2790 e
1300 2730 1384 2792 vete

213 2833 304 2898 ribus
318 2833 536 2919 grammaticis
550 2832 682 2898 ductum
698 2832 780 2898 iniis
790 2833 901 2899 inesse.
934 2831 995 2908 Oui
1004 2831 1083 2897 haec
1091 2835 1176 2897 recte
1184 2835 1383 2918 perspexerit

213 2939 372 3026 Illaohius,
394 2941 500 3005 nescio
519 2962 575 3004 cur
593 2940 678 3004 inter
695 2941 876 3026 fragmenta
893 2938 1069 3004 Aristonici
1088 2962 1118 3023 p.
1132 2939 1198 3005 430
1220 2939 1383 3024 receperit.

216 3085 253 3094 ·-
279 3045 368 3111 Idem
390 3045 608 3132 praetermisit
631 3049 754 3111 certum
776 3046 993 3131 fragmentum
1012 3043 1190 3110 Aristonici
1208 3046 1243 3110 in
1260 3044 1382 3111 scholio

214 3152 429 3219 Ohoerobosci
447 3153 488 3218 ad
505 3176 534 3219 v.
554 3152 617 3218 307
636 3177 668 3238 p.
682 3153 757 3238 203,
771 3153 829 3219 23;
849 3149 929 3242 (ὅτι)
948 3153 1045 3219 καλαὶ
1060 3156 1182 3239 κυρίας
1200 3152 1220 3235 ἡ
1239 3156 1381 3218 νεοττία·

212 3260 360 3325 ἐνταῦθα
387 3257 425 3326 δὲ
452 3271 716 3347 καταχρηστικῶς
741 3259 762 3345 ἡ
791 3262 893 3348 οἰκίας
919 3261 957 3326 cf.
985 3257 1203 3326 Ohoerobcsci
1226 3259 1383 3324 scholium

212 3366 252 3431 ad
273 3390 302 3431 v.
321 3367 385 3431 411
410 3390 440 3452 p.
460 3369 535 3454 261,
555 3368 604 3432 18.
654 3365 764 3431 Verba
789 3367 861 3451 ipsa
890 3366 1059 3452 designant
1086 3364 1316 3443 Aristonicum.
1338 3405 1382 3413 —

211 3471 263 3538 Ad
285 3495 314 3538 x.
334 3473 400 3540 304
428 3474 514 3538 inter
540 3472 710 3559 permulta,
738 3495 819 3558 quae
843 3471 1085 3539 Ohoerobosous
1112 3472 1251 3557 Didymo
1280 3474 1383 3560 debet,

212 3584 260 3644 est
284 3579 344 3644 sub
367 3580 464 3644 finem
488 3580 556 3644 sine
580 3579 677 3644 dubio
695 3577 873 3645 Aristonici
892 3579 1064 3664 explicatio
1082 3602 1113 3663 p.
1133 3579 1207 3665 204,
1221 3580 1277 3645 21:
1301 3579 1381 3669 (ὅτι)

211 3689 313 3771 μόνος
332 3683 488 3764 Ἡσίοδος
515 3686 599 3765 ἅπαξ
626 3695 665 3771 τῇ
689 3683 772 3763 λέξει
797 3685 955 3771 ἐχρήσατο
978 3685 1115 3771 probata
1137 3686 1172 3750 in
1194 3686 1288 3751 initio
1311 3686 1381 3751 Fla-

211 3792 325 3856 chiana
348 3791 576 3857 emendatione.

299 3897 328 3963 Ε
352 3896 459 3964 Procli
486 3898 608 3964 scholio
631 3921 661 3983 p.
677 3897 784 3985 214‚1
810 3896 949 3961 vidimus
972 3920 1003 3981 p.
1020 3897 1083 3962 109
1110 3896 1319 3964 Plutarchum
1346 3900 1381 3965 in

211 4004 385 4090 exemplari
412 4025 471 4070 suo
498 4005 659 4069 invenisse
687 4005 780 4089 signa
808 4001 963 4086 quaedam
990 4001 1255 4093 (dcceplcuovct)
1283 4005 1323 4070 ad
1350 4029 1380 4072 v,

301 4273 327 4341 1)
347 4267 461 4325 Scilicet
478 4270 593 4338 propter
610 4286 637 4323 v.
653 4272 685 4321 11
696 4285 756 4336 sqq.
776 4266 908 4323 Conferas
926 4267 1069 4323 Rankium
1088 4271 1141 4339 „de
1159 4270 1226 4326 Hes.
1240 4268 1291 4339 Op.
1307 4272 1336 4325 et
1344 4269 1378 4325 D.

211 4360 333 4414 Comm.“
352 4361 381 4414 et
399 4355 599 4428 ‚Hesiodische
618 4355 754 4411 stodiam
775 4362 842 4411 1848
860 4374 887 4426 p.
903 4362 988 4426 3sqq.

263 4497 265 4503 ,
300 4451 328 4519 2)
344 4446 386 4512 Of.
405 4445 551 4503 Lehrsium
569 4445 672 4518 „Arist
691 4445 765 4502 hom.
785 4445 917 4502 rextkrr‘
934 4464 961 4515 p.
977 4451 1036 4502 348.
