3366 5168
330 383 394 447 116
515 381 558 436 De
574 379 734 436 Aristonico
754 382 782 434 et
799 380 920 449 Didymo
940 379 1125 436 Ohoercbosci
1143 379 1313 436 auctoribus.

331 550 438 609 autem
461 566 533 608 eum
556 543 639 607 idem
663 543 706 607 sit
729 543 897 626 utriusque
916 542 1111 608 scholiorum
1129 543 1283 628 corporis,
1301 542 1412 606 licebit
1431 564 1503 626 pro-

328 651 432 715 babili
455 651 637 715 coniectura
660 649 819 715 affirmare
838 650 978 715 indolem
997 672 1124 735 quoque
1143 654 1175 714 et
1194 650 1353 714 rationem
1371 649 1505 713 eandem

328 756 429 821 fuisse
452 754 594 840 Operum
622 756 753 821 scholiis
781 760 878 842 atque
901 756 1106 843 Theogoniae
1134 778 1309 841 eorumque
1331 755 1504 821 simillimis

329 863 506 927 carminum
525 862 770 928 Homericorum
789 863 927 928 scholiis.
964 864 1112 949 Denique
1130 865 1168 927 fit
1186 862 1359 928 verisimile
1376 861 1504 927 eosdem

328 970 434 1034 fontes
458 991 527 1034 esse
551 970 714 1047 adhibitos
738 971 778 1035 ad
799 969 960 1035 Hesiodea
982 975 1014 1036 et
1033 970 1204 1035 Homerica
1228 969 1349 1035 scholia
1368 968 1504 1033 conscri-

330 1076 442 1160 benda,
466 1097 521 1140 eos
545 1076 630 1163 dico,
658 1077 776 1161 quibus
799 1081 832 1141 et
854 1077 1131 1161 interpretationis
1155 1081 1188 1142 et
1206 1076 1285 1141 artis
1305 1074 1434 1140 criticae
1453 1074 1504 1138 ad-

329 1182 471 1246 iumenta
490 1183 618 1266 copiose
638 1187 669 1247 et
688 1184 852 1248 commode
871 1184 1167 1269 suppeditabantur,
1189 1183 1345 1267 Didymi
1368 1186 1401 1246 et
1419 1180 1504 1245 Ari-

329 1289 473 1353 stonici
496 1290 623 1373 scripta.

421 1395 484 1472 Qui
503 1395 800 1480 conscripseruntne
815 1398 970 1481 quaedam
983 1398 1021 1463 de
1034 1397 1169 1464 Hesiodi
1183 1395 1342 1482 Operibus
1357 1401 1389 1460 et
1403 1395 1505 1480 ipsis?

331 1501 449 1565 Procul
472 1501 578 1567 dubio.
616 1501 698 1568 Sane
722 1504 806 1587 apud
825 1503 956 1569 Suidam
976 1504 1015 1592 (I,
1031 1506 1060 1592 1,
1074 1507 1138 1571 729
1153 1502 1284 1592 Bernh)
1308 1504 1346 1568 de
1362 1503 1505 1567 Hesiodo

332 1607 458 1671 nullum
487 1630 568 1692 opus
595 1606 773 1673 Aristonici
802 1608 867 1673 nisi
894 1608 932 1672 de
961 1607 1062 1693 signis
1086 1606 1290 1692 Theogoniae
1317 1628 1505 1671 commemo-

201 1784 206 1791 ,
330 1719 435 1799 ratur,
458 1715 512 1778 sed
531 1712 660 1783 Orionis
682 1714 754 1778 loco
774 1712 818 1801 (p.
838 1715 890 1798 96,
904 1714 945 1778 27
967 1709 1087 1798 Stura),
1109 1734 1205 1797 quem
1228 1713 1268 1777 ad
1286 1712 1506 1799 Theogoniam

330 1819 372 1907 (v.
393 1818 473 1907 694)
503 1823 535 1884 et
562 1821 611 1910 ad·
630 1820 735 1904 Opera
763 1819 805 1907 (v.
830 1819 910 1908 207)
937 1821 1070 1904 referas,
1099 1817 1289 1883 Aristarcho
1317 1819 1506 1884 tribuuntur

331 1939 449 2012 σημεῖα
468 1925 627 1992 Ἡσιόδου
645 1931 755 1991 textus
774 1926 965 2011 corruptela,
988 1931 1020 1990 et
1039 1926 1110 1990 luce
1129 1924 1245 1990 clarior
1263 1930 1312 1990 est
1330 1925 1506 1991 Lehrsiana

330 2033 426 2097 huius
449 2033 512 2097 loci
535 2031 754 2121 emendatio,1)
779 2056 818 2097 ex
841 2056 905 2117 qua
927 2031 1105 2096 Aristonici
1127 2032 1216 2116 περὶ
1238 2045 1316 2098 τῶν
1335 2036 1506 2118 σημείων

326 2138 487 2205 Ἡσιόδου
515 2141 621 2224 operis
649 2142 805 2205 memoria
831 2141 897 2204 iam
920 2139 1063 2224 emergit.
1109 2137 1250 2224 Accedit,
1274 2138 1360 2223 quod
1382 2161 1507 2203 summa

332 2267 404 2310 cum
436 2245 665 2330 probabilitate
698 2246 902 2331 Theogoniae
930 2246 1052 2310 scholia
1085 2245 1187 2310 multa
1214 2246 1254 2309 ad
1286 2245 1507 2310 Aristonicum
1571 2228 1576 2237 ’

331 2353 525 2437 referuntur,
563 2376 626 2438 qua
663 2353 700 2417 de
733 2374 767 2416 re
798 2357 874 2437 post
905 2350 1071 2416 Flaehium
1104 2349 1214 2437 (Gloss
1246 2376 1277 2416 u.
1310 2350 1414 2417 Schol.
1447 2356 1505 2416 eto.

331 2482 360 2542 p.
387 2459 451 2524 100
466 2456 549 2546 sqq.)
582 2481 676 2524 nemo
709 2462 817 2543 potest
845 2459 1000 2523 dubitare.
1055 2457 1297 2523 Aristarcheam
1325 2463 1432 2523 autem
1459 2481 1507 2522 re·

331 2567 521 2653 censionem,
545 2567 583 2630 ad
607 2589 703 2650 quam
726 2566 783 2631 illo
808 2588 902 2651 opere
921 2564 1099 2631 Aristonici
1117 2567 1298 2631 necessario
1317 2566 1507 2650 reducimur,

331 2672 552 2759 Theogoniam
586 2672 688 2736 solam
720 2673 928 2757 continuisse,
959 2695 1026 2736 non
1058 2673 1155 2736 etiam
1185 2672 1218 2736 id
1250 2693 1389 2757 samen,
1422 2671 1508 2755 quod

335 2802 460 2864 semper
482 2778 617 2859 Hesiodi
639 2777 709 2844 κατ’
737 2779 853 2865 ἐξοχὴν
879 2781 1073 2866 habebatur,
1095 2801 1189 2844 nemo
1212 2801 1355 2863 unquam
1377 2782 1507 2843 conten-

333 2886 423 2950 derit.
470 2884 540 2961 Qua
563 2907 602 2949 ex
620 2908 655 2950 re
677 2887 855 2951 necessaria
879 2887 977 2950 etiam
995 2886 1033 2949 de
1052 2884 1230 2950 Aristonici
1248 2885 1288 2949 ad
1307 2885 1412 2969 Opera
1435 2907 1507 2950 con·

332 2993 452 3076 scripto
481 3012 576 3075 opere
604 2992 643 3055 fit
670 2993 861 3056 coniectura.
913 2989 975 3055 Sed
1001 3012 1042 3054 ne
1065 3012 1130 3054 una
1152 2991 1214 3054 etsi
1232 3013 1290 3074 per
1313 3013 1345 3054 se
1368 2990 1508 3054 maxime

333 3097 496 3182 probabili
516 3097 698 3162 coniectura
720 3098 873 3182 nitamur,
901 3099 977 3160 sunt
1000 3096 1097 3160 etiam
1120 3096 1297 3160 certissima
1320 3101 1510 3180 argumenta

332 3206 470 3288 praesto.
521 3202 605 3267 Vide
631 3203 666 3266 in
695 3203 826 3268 scholiis
855 3200 1071 3267 Choerobosci
1104 3203 1299 3267 scholiorum
1330 3201 1508 3267 vetustissi-

333 3305 491 3394 moruml)
518 3308 687 3392 reliquias:
714 3333 744 3393 p.
770 3308 833 3375 156
839 3363 848 3396 ,
871 3311 890 3373 9
919 3313 952 3372 et
978 3332 1009 3393 p.
1027 3309 1109 3392 400,
1129 3309 1172 3372 24
1199 3309 1370 3373 traduntur
1398 3308 1507 3372 addito

333 3414 514 3479 Aristarchi
536 3415 665 3480 nomine
689 3416 769 3480 duae
792 3417 962 3501 atheteses,
984 3416 1101 3501 quibus
1126 3417 1344 3480 recensionem
1366 3414 1507 3479 Aristar-

334 3521 444 3585 cheam
466 3521 566 3585 fuisse
588 3523 759 3587 manifesto
787 3524 1008 3607 confirmatur,
1038 3527 1070 3587 et
1103 3523 1229 3607 saepius
1252 3523 1405 3609 leguntur
1427 3522 1508 3586 artis

334 3626 391 3690 illa
413 3627 569 3691 vocabula
587 3627 879 3693 Alexandrinorum
902 3629 941 3693 ad
965 3630 1057 3717 signa
1075 3629 1283 3694 Aristarchea
1306 3628 1507 3712 explicanda:

336 3746 485 3818 σημεῖον,
509 3745 714 3819 σημειοῦται,
741 3739 956 3821 σεσημείωται
974 3758 1004 3820 p.
1025 3737 1124 3820 79,1.
1150 3736 1266 3821 191,1.
1290 3736 1366 3823 280,
1380 3736 1420 3799 21
1441 3731 1508 3820 (hic

334 3839 550 3929 corruptum),
573 3864 603 3925 p.
622 3842 766 3926 367,14.
795 3842 874 3926 359,
889 3844 923 3929 83
951 3843 1001 3908 ὅτι
1024 3866 1054 3927 p.
1073 3842 1132 3926 44,
1155 3846 1237 3927 not,
1264 3842 1382 3926 quibus
1406 3841 1508 3926 signis

251 3955 258 3967 '
334 3945 410 4034 περὶ
425 3953 569 4032 σημείων
582 3949 703 4013 librum
717 3949 866 4036 aliquem,
878 3948 1057 4014 Aristonici
1071 3950 1202 4036 scilicet,
1215 3949 1316 4013 fuisse
1329 3948 1508 4014 certissimo

336 4054 525 4119 ostenditur.
561 4052 652 4118 Adde
676 4055 744 4119 eius
766 4056 937 4121 notissima
960 4056 1147 4140 compendia
1166 4055 1245 4121 artis
1263 4055 1508 4120 vocabulorum:

426 4233 451 4298 1)
463 4212 600 4283 *Sittelius
618 4228 649 4281 in
667 4228 733 4298 edit.
752 4247 780 4299 p.
795 4236 847 4284 380
866 4234 923 4286 not.
943 4237 961 4284 4
978 4231 1030 4285 illa
1047 4249 1104 4286 non
1123 4249 1193 4301 opus
1212 4246 1272 4285 esse
1291 4232 1394 4285 censet.

429 4320 457 4388 2)
475 4317 544 4373 Cum
558 4317 593 4370 de
607 4317 803 4372 vetustissimis
817 4319 931 4373 scholiis
944 4320 1031 4375 verba
1045 4320 1173 4389 facimus,
1188 4335 1296 4389 semper
1307 4318 1403 4389 accipe
1413 4334 1509 4372 eorum

335 4406 457 4477 vestigia
478 4406 510 4459 in
532 4406 717 4460 Choerobosci
740 4407 854 4460 scholiis
878 4408 998 4478 tradita,
1026 4426 1093 4463 nam
1116 4407 1236 4462 vidimus
1256 4425 1278 4481 ¹a
1300 4406 1399 4462 Proclo
1423 4408 1509 4477 atque

337 4495 489 4549 Plutarcho
507 4494 579 4549 talia
598 4512 683 4563 quam
701 4495 823 4550 maxime
841 4496 936 4552 aliena
953 4498 1048 4552 fuisse.
