3366 5168
601 344 714 409 Scholia
726 343 836 409 Veteris
855 355 1026 425 Interpretis.
1356 346 1399 421 83

227 517 397 583 Procliana
417 540 545 603 quoque
563 542 593 603 p.
611 517 784 605 122,1-5
805 519 1017 603 grammatica
1040 519 1197 603 exscripta
1217 542 1236 583 a
1253 519 1399 584 Moscho-

228 624 321 709 pulo,
357 646 416 689 nec
446 646 512 690 non
546 647 626 709 quae
658 624 774 689 Tzetza
809 624 848 689 de
884 646 960 689 1666
997 623 1186 707 ἐναλίγκιον
1222 625 1399 710 disputarit

228 752 258 813 p.
280 730 353 816 122,
372 731 424 795 24.
469 730 515 796 Et
538 753 610 796 cum
630 731 698 795 eius
717 731 783 795 sint
801 732 900 797 verba
918 754 948 815 p.
970 731 1042 815 123,
1063 731 1201 817 14-16,
1219 733 1398 797 necessario

229 858 266 900 ea
289 858 416 921 quoque
439 838 489 902 illi
512 839 661 924 adiungo,
679 860 761 922 quae
779 838 940 904 immerito
960 860 1032 903 cum
1050 837 1228 903 Proclianis
1246 839 1281 903 in
1299 861 1399 903 unum

229 942 388 1007 scholium
420 948 496 1009 sunt
528 946 746 1010 contaminata
779 968 808 1029 p.
834 944 912 1031 125,
937 945 1035 1029 l—-2,
1067 966 1203 1029 cumque
1233 944 1286 1009 his
1319 966 1400 1028 quae

228 1048 343 1114 Taetaa
374 1050 412 1115 de
444 1051 554 1116 eodem
586 1052 742 1116 vocabulo
776 1053 955 1137 παυρίδιον
989 1051 1195 1137 grammatice
1223 1052 1400 1135 disputavit

227 1179 256 1238 p.
283 1156 360 1242 122,
384 1157 488 1222 3-5.
542 1157 631 1223 Idem
662 1159 799 1223 fortasse
830 1159 916 1222 valet
948 1157 986 1222 de
1013 1157 1145 1222 Tzetzae
1172 1157 1400 1243 disputatione,

229 1284 309 1346 quae
337 1266 385 1327 est
415 1263 453 1327 de
480 1262 640 1347 particula
667 1265 770 1348 ἔμπης
793 1286 822 1347 p.
845 1263 969 1349 129,1.
1020 1262 1141 1328 Locum
1164 1285 1239 1327 vero
1264 1262 1400 1327 similem

227 1369 335 1452 Mtym.
359 1369 471 1454 Magni
493 1393 523 1453 p.
543 1369 617 1456 335,
637 1370 679 1434 29
702 1370 811 1454 potuit
829 1369 897 1434 eius
917 1373 1028 1433 auctor
1046 1369 1144 1433 etiam
1162 1391 1201 1433 ex
1219 1368 1400 1434 Homericis

102 1508 107 1517 ι
228 1475 359 1540 scholiis
388 1475 574 1541 exscribere.
631 1473 693 1539 Sed
724 1475 898 1561 vestigium
928 1475 1042 1539 saltem
1069 1475 1186 1540 veteris
1213 1475 1400 1560 interpretis

229 1586 334 1647 exstat
364 1582 433 1647 sine
460 1582 558 1646 dubio
587 1583 621 1646 in
657 1581 827 1666 marginali
856 1581 1062 1646 adnotatione
1085 1582 1123 1645 ad
1147 1605 1175 1646 1.
1197 1582 1258 1645 141
1283 1582 1400 1647 codicis

228 1688 430 1776 Monacensis
461 1685 513 1773 (cf.
541 1685 720 1751 Usenerum
741 1686 762 1749 l.
785 1686 805 1750 l.
829 1711 860 1770 p.
879 1684 974 1773 591):
1005 1710 1055 1772 γρ.
1084 1688 1236 1770 φύλακες.
1281 1685 1400 1752 Nullus

228 1799 336 1859 tamen
359 1798 408 1859 est
431 1793 478 1857 ibi
501 1792 590 1857 locus
613 1792 792 1876 compendii
815 1816 866 1875 γρ.
907 1793 1161 1883 Exegeticum
1184 1792 1314 1878 aliquid,
1335 1815 1402 1857 non

229 1902 407 1965 criticum
435 1899 560 1985 subest3
587 1899 731 1963 conferas
759 1899 854 1963 modo
877 1922 906 1962 1.
928 1899 990 1962 123
1015 1902 1046 1962 61
1068 1897 1244 1963 Procliana.
1290 1898 1402 1963 Miser·

229 2008 309 2072 rime
331 2007 433 2093 igitur
456 2009 505 2070 est
528 2008 677 2070 truncata
700 2004 869 2090 proposita
892 2027 911 2069 a
930 2004 1047 2070 Vetere
1070 2005 1224 2070 hocloco
1248 2005 1400 2069 doctrina.

233 2153 269 2162 —
290 2112 342 2178 Ad
360 2137 389 2178 1.
406 2114 470 2177 144
484 2112 604 2177 tradita
617 2117 693 2177 sunt
711 2112 773 2176 duo
793 2111 916 2176 scholia
928 2134 958 2195 p.
976 2112 1048 2199 129,
1062 2111 1203 2197 21-25,
1222 2134 1303 2196 quae
1317 2112 1402 2176 inter

230 2243 263 2284 se
277 2218 492 2305 consentiunt,
506 2222 653 2304 pugnant
666 2241 742 2284 1616
758 2241 831 2283 cum
844 2217 1012 2284 Procliano
1028 2241 1057 2302 p.
1078 2219 1150 2282 128.
1187 2216 1301 2302 ltaque
1320 2217 1401 2282 falsa

230 2330 277 2391 est
301 2327 466 2391 distinctio
485 2347 542 2410 per
561 2329 670 2404 ἄλλος
688 2326 786 2390 facta:
810 2324 1400 2409 61161116661616116661111161616116.

230 2433 294 2497 Est
312 2438 419 2497 autem
438 2434 580 2499 eiusdem
597 2435 682 2497 inter
695 2431 899 2516 Moschopuli
919 2453 1046 2515 quoque
1065 2431 1218 2515 reliquias
1232 2454 1262 2515 p.
1275 2430 1348 2514 131,
1358 2430 1402 2494 30

235 2539 320 2603 —32
334 2543 531 2625 excerptum,
545 2540 663 2623 quippe
678 2538 764 2622 quod
778 2539 939 2622 pertineat
954 2537 993 2602 ad
1002 2538 1139 2602 formam
1152 2532 1335 2620 ἧν--ἦσαν
1349 2538 1401 2601 ad-

228 2646 349 2710 iunctis
372 2644 592 2730 grammaticis
615 2644 945 2729 interpretationibus.

318 2750 424 2816 Multo
458 2751 619 2815 difficilior
651 2753 774 2815 661166
806 2750 841 2813 in
870 2749 992 2815 scholio
1022 2750 1060 2814 ad
1087 2773 1115 2815 1.
1138 2750 1199 2814 148
1228 2749 1400 2834 adscripto.

229 2857 345 2922 Taetaa
372 2858 458 2922 enim
486 2879 567 2941 quae
594 2856 737 2942 exhibet,
764 2879 801 2921 ea
829 2856 972 2921 confudit
999 2877 1103 2940 neque
1133 2860 1218 2921 recte
1241 2855 1401 2919 intellexit

229 2987 259 3048 p.
282 2964 343 3028 131
350 3017 360 3051 ,
380 2964 523 3050 lli—203
550 2969 658 3028 tamen
684 2963 737 3029 vel
759 2963 805 3028 sic
827 2963 1034 3027 manifestum
1057 2966 1107 3027 661
1136 2962 1177 3026 ab
1201 2984 1238 3027 eo
1261 2966 1401 3027 veterem

230 3070 438 3155 interpretem
461 3093 531 3136 esse
554 3071 759 3154 exscriptum.
797 3070 906 3134 Habet
925 3073 1031 3134 autem
1054 3069 1093 3134 de
1111 3069 1222 3134 eodem
1244 3068 1400 3134 vocabulo

231 3175 376 3264 (ἄαπτοι)
406 3177 545 3261 plurima
573 3180 685 3242 auctor
714 3176 823 3260 Etym.
851 3176 963 3263 Magni
990 3201 1020 3260 p.
1042 3177 1075 3263 1,
1093 3176 1150 3263 34,
1178 3181 1210 3240 61
1238 3176 1300 3241 hoc
1329 3177 1400 3260 ipso

229 3284 280 3348 vel
302 3284 396 3368 plura
418 3284 612 3349 Eustathius
637 3282 1118 3369 61111616111122,36-43.
1164 3282 1252 3347 Η666
1275 3276 1401 3347 constat

229 3389 309 3454 mihi
335 3412 402 3455 non
428 3391 609 3455 manavisse
637 3413 675 3454 ex
699 3390 829 3455 scholiis
852 3390 1032 3454 Homericis
1056 3389 1095 3453 ad
1117 3387 1241 3473 Abbl,
1264 3389 1401 3454 maxime

230 3496 316 3579 quod
347 3496 477 3561 exhibet
504 3496 699 3561 Eustathius
727 3501 894 3569 auctorum
920 3496 1065 3581 nomina,
1093 3518 1173 3580 quae
1201 3518 1240 3559 ex
1267 3495 1400 3580 reliquis

229 3601 374 3666 fontibus
400 3602 531 3667 haurire
556 3624 623 3668 non
649 3603 765 3686 potuit.
822 3601 943 3667 Contra
970 3603 1078 3667 omnia
1105 3606 1190 3667 recte
1216 3602 1401 3685 procedunt,

231 3707 258 3770 si
289 3707 384 3771 modo
422 3708 594 3773 statuimus
634 3709 790 3794 originem
821 3708 899 3773 haee
935 3708 1064 3772 duxisse
1096 3730 1134 3771 ex
1171 3708 1400 3773 commentario

230 3811 391 3877 Hesiodea
414 3815 532 3878 veteris
551 3815 760 3899 grammatici.
798 3813 899 3889 Quem
916 3814 978 3877 hoc
995 3814 1066 3877 loco
1085 3814 1247 3898 egregiam
1265 3811 1400 3877 Alexan-

231 3904 397 3983 drinorum
416 3919 593 3984 doctrinam
612 3920 850 3984 conservavisse
872 3919 957 3983 infra
974 3941 1004 4002 p.
1021 3918 1085 3983 150
1103 3917 1338 3983 demonstrabo.
1356 3956 1401 3965 —

318 4024 459 4090 Difficile
469 4029 553 4090 esset
563 4025 661 4090 etiam
671 4024 829 4090 scholium
839 4025 879 4088 ad
889 4047 918 4090 1.
932 4024 1184 4111 1541661116616,
1198 4025 1225 4089 61
1240 4024 1308 4089 6616
1323 4024 1401 4089 haec

229 4131 419 4197 haberemus
435 4131 564 4197 scholia.
591 4132 702 4196 Tradit
716 4132 801 4196 enim
811 4130 925 4196 Taetza
941 4132 1095 4216 quaedam
1105 4132 1229 4197 (161666
1239 4134 1401 4213 ἔκπαγλος

230 4242 262 4301 61
300 4239 411 4303 statim
447 4242 575 4303 tantum
610 4261 677 4303 non
713 4238 903 4303 nominatim
936 4238 1070 4325 indicat,
1101 4238 1185 4303 unde
1217 4238 1399 4322 sumpserit.

230 4343 322 4420 Quod
349 4345 378 4409 si
404 4345 488 4409 idem
518 4345 621 4410 multa
648 4347 685 4409 ut
709 4344 793 4409 scitu
814 4366 881 4409 non
902 4344 999 4431 digna
1023 4345 1180 4429 sprevisse
1204 4366 1237 4409 se
1261 4344 1400 4408 affirmat

232 4448 275 4537 (p.
296 4450 373 4538 134,
398 4452 452 4516 19:
484 4452 567 4518 ἀλλὰ
594 4455 630 4517 τί
654 4450 690 4516 ἐν
713 4451 894 4529 rotrudae
917 4450 1037 4543 σαφέσι
1059 4457 1321 4535 πολυλογοῦμεν,
1343 4475 1400 4515 κα-

1152 4555 1187 4608 6.
