3390 5178
450 352 492 408 De
511 350 633 421 Operum
651 350 776 406 versibus
795 350 831 404 ab
851 350 976 420 antiquis
994 350 1126 407 laudatis.
1313 351 1379 416 205

203 517 335 581 firmant
358 515 464 601 ὁρμήν
489 514 664 579 scholiasta
688 514 729 578 ad
751 513 958 579 Theocritum
976 512 992 578 I
1009 514 1072 578 146
1095 538 1126 597 p.
1141 514 1182 578 sl
1194 512 1272 579 Ahr.
1292 514 1381 579 scho-

203 624 362 707 liastsque
385 622 425 686 ad
443 619 544 686 Arist.
563 620 659 704 Vesp.
682 621 767 685 1153
782 619 877 685 Dind.
901 621 1022 705 pariter
1045 624 1142 703 atque
1164 621 1249 685 libri.
1295 620 1380 686 Nam

205 729 293 813 quod
319 731 354 793 in
377 725 403 792 G
433 728 596 792 invenitur
622 727 764 811 primum
793 728 948 811 scriptum
977 728 1082 814 ὀργήν
1110 727 1165 791 sed
1190 727 1230 791 ab
1255 728 1381 792 eadem

204 859 300 901 manu
330 838 545 901 correctum
569 832 723 921 (1110011,
742 834 844 918 symb.
868 834 960 920 Prag.
979 857 1009 918 p.
1032 832 1110 921 178)
1133 835 1167 898 in
1190 834 1306 919 ὁρμήν,
1330 856 1381 898 100

204 943 276 1027 ipsa
304 943 397 1006 docet
425 941 539 1006 calami
568 962 717 1006 errorem.
763 940 852 1004 Idem
875 941 977 1026 igitur
999 962 1036 1005 00
1057 940 1190 1005 librario
1214 940 1332 1004 codicis
1356 938 1381 1005 O

205 1050 320 1113 accidit
339 1048 473 1114 librario
494 1046 691 1112 scholiorum
709 1046 961 1112 Platonicorum.
991 1044 1104 1130 Neque
1123 1047 1278 1130 quidquid
1296 1047 1382 1111 valet

204 1157 239 1221 in
265 1178 300 1220 10
329 1155 547 1240 diiudicanda,
575 1155 662 1238 quod
690 1155 796 1240 ὀργήν
821 1154 936 1218 melior
959 1158 1009 1218 001
1030 1154 1126 1218 100110
1150 1150 1194 1241 (v.
1218 1152 1382 1218 Sittelium

205 1264 239 1327 in
263 1285 371 1347 appar.
397 1262 467 1327 crit.
491 1262 532 1325 ad
563 1259 615 1347 v.).
663 1259 725 1326 Sed
745 1283 782 1325 eo
806 1265 856 1325 est
879 1260 1156 1345 acquiescendum,
1181 1283 1253 1325 cum
1276 1262 1383 1347 ὁρμήν

205 1369 239 1432 in
266 1369 399 1453 vulgata
427 1367 565 1432 retinere
594 1388 764 1455 cogamur,
792 1368 878 1452 quod
901 1369 985 1451 apud
1008 1367 1186 1432 Homerum
1209 1388 1275 1433 non
1297 1368 1382 1432 inve

204 1476 294 1539 nitur
326 1474 517 1539 vocabulum
550 1475 632 1560 ὀργή
667 1472 809 1562 (praeter
841 1476 949 1558 hymn.
983 1476 1017 1538 in
1045 1472 1264 1562 00101205),
1296 1475 1381 1559 ὁρμή

205 1586 313 1646 autem
359 1581 544 1665 saepissime
588 1603 691 1665 neque
735 1583 822 1668 raro,
870 1586 1026 1666 quantum
1067 1582 1149 1665 scio,
1193 1582 1231 1645 de
1268 1581 1381 1645 bestiis

206 1689 327 1753 dictum
355 1687 409 1775 (cf.
433 1692 465 1752 Λ
485 1688 563 1772 119,
586 1687 695 1770 hymn.
719 1688 755 1752 in
781 1685 887 1753 Gerer.
909 1685 998 1775 382).
1044 1687 1155 1772 Longe
1183 1687 1247 1752 0110
1274 1691 1382 1752 autem

204 1799 254 1859 001
308 1816 377 1881 res,
431 1795 487 1861 ubi
537 1794 711 1859 desivimus
760 1796 881 1860 versari
925 1797 960 1860 in
1004 1795 1189 1861 recensione
1237 1794 1380 1879 vulgata:

205 1899 394 1967 Stobaeus
424 1902 510 1986 quod
539 1903 667 1987 legebat
698 1908 805 1979 ἴκελος
828 1903 942 1988 ὀργήν,
973 1903 1071 1967 hanc
1094 1923 1154 1987 ego
1177 1923 1245 1966 non
1268 1900 1381 1965 dubito

205 2010 327 2073 variam
361 2008 464 2074 dicere
494 2010 672 2074 lectionem.
718 2009 865 2073 Eandem
894 2009 1095 2074 conservavit
1126 2031 1165 2073 ex
1194 2005 1381 2072 Alexandri·

205 2137 321 2180 norum
344 2116 526 2181 veterrimis
550 2116 683 2180 scholiis
707 2116 804 2180 etiam
824 2115 1067 2181 Choeroboscus
1091 2116 1126 2179 in
1148 2113 1271 2180 scholio
1295 2114 1335 2179 ad
1353 2138 1381 2179 1.

206 2244 304 2306 supra
331 2246 362 2307 p.
382 2222 425 2287 86
452 2224 620 2308 restitut03
647 2222 709 2287 hoc
731 2223 834 2309 igitur
857 2245 986 2307 quoque
1008 2222 1080 2287 loco
1104 2244 1186 2306 quae
1208 2222 1382 2287 necessitas

203 2329 379 2393 intercedat
415 2330 500 2394 inter
537 2333 662 2394 textum
694 2328 987 2394 Alexandrinorum
1019 2334 1052 2394 01
1084 2330 1226 2413 priscum
1259 2329 1382 2394 fontem

205 2433 448 2520 Stobaeianum,
478 2435 589 2501 elucet.
614 2474 656 2481 -
680 2434 829 2500 Ceterum
860 2458 924 2520 quo
954 2436 1024 2500 iure
1053 2435 1224 2500 lectionem
1247 2435 1381 2500 alterius

204 2542 399 2606 recensionis
427 2542 688 2627 denegaverimus
713 2542 905 2606 scholiastae
928 2541 1106 2628 Platonico,
1133 2545 1224 2626 patet
1247 2563 1264 2605 0
1287 2561 1381 2606 versu

205 2648 280 2714 305.
324 2648 373 2711 De
402 2669 466 2732 quo
494 2652 527 2712 et
555 2651 708 2740 sequente
736 2649 886 2713 convenit
911 2648 960 2712 illi
984 2652 1017 2713 01
1040 2647 1233 2713 scholiastae
1256 2645 1381 2712 Aristo-

204 2754 331 2839 phaneo
355 2755 395 2819 ad
417 2756 552 2819 verbum
574 2777 647 2819 cum
670 2754 763 2819 libris
786 2754 966 2840 Hesiodcis,
992 2777 1064 2820 cum
1087 2753 1245 2819 Stobaeus
1267 2754 1382 2840 legerit

204 2862 352 2948 κάματον
374 2863 537 2945 νήποινον
561 2864 705 2928 ἔδουσιν.
751 2861 835 2928 Sane
857 2861 962 2948 nobis,
983 2862 1047 2928 hoo
1070 2862 1098 2927 si
1120 2861 1272 2947 legimus,
1293 2860 1382 2924 venit

205 2969 240 3033 in
263 2972 403 3034 mentem
421 2968 586 3033 Homerici
609 2969 698 3034 illius
721 2991 833 3035 versus
857 2969 972 3054 0160,
997 2970 1052 3034 sed
1075 2969 1117 3033 ob
1141 2969 1174 3033 id
1197 2970 1304 3052 ipsum
1328 2967 1381 3031 du-

205 3076 274 3141 bito
303 3076 441 3140 maxime
470 3098 510 3140 an
539 3076 583 3140 sit
610 3075 771 3141 laudanda
797 3077 908 3164 lectio,
937 3081 968 3141 et
997 3076 1086 3141 10110
1113 3080 1163 3141 001
1191 3074 1259 3139 0110
1283 3073 1381 3138 dubio

204 3183 382 3249 iudicanda.
433 3182 535 3258 Quam
569 3183 680 3248 statim
712 3184 859 3267 sequitur
891 3184 1006 3270 altera3
1037 3205 1112 3248 nam
1144 3183 1179 3247 in
1210 3203 1304 3246 versu
1336 3202 1382 3244 se-

206 3290 330 3375 quenti,
358 3312 454 3373 quem
480 3311 547 3354 101
574 3289 732 3376 laudavit,
761 3289 919 3356 Stobaeus
947 3313 1007 3375 pro
1032 3292 1164 3366 ἔδοντες
1192 3289 1261 3353 sine
1283 3287 1380 3351 dubio

204 3397 382 3480 τρύχοντες
404 3396 485 3480 legit
508 3399 564 3459 aut
588 3418 715 3460 versum
738 3418 806 3461 101
828 3397 989 3483 cognovit.

782 3680 810 3746 7.

296 3819 558 3906 Gnomologia
583 3822 714 3905 priore
742 3819 806 3910 (vv.
826 3819 1019 3908 307-382)
1048 3843 1144 3906 quam
1171 3821 1381 3887 Plutarchum

209 3928 310 3993 secuti
332 3928 580 4015 nominavimus,
603 3928 809 3993 continentur
831 3928 1003 4012 proverbia
1025 3932 1058 3993 et
1077 3928 1255 3993 0011011100
1273 3930 1381 3994 101100

208 4034 445 4118 antiquissimis
474 4034 540 4098 iam
568 4035 770 4120 temporibus
800 4036 836 4099 in
865 4057 982 4119 corpus
1011 4034 1206 4101 Hesiodeum
1236 4036 1381 4101 redactae

206 4145 340 4225 propter
371 4150 559 4228 χαρακτῆρα
591 4140 800 4229 Hesiodeum,
836 4142 893 4227 qui
924 4143 1094 4208 videbatur
1125 4142 1242 4228 inesse,
1277 4165 1381 4227 neque

205 4246 281 4312 vcr'o
301 4247 417 4312 desunt
434 4248 469 4312 in
487 4248 622 4332 reliquis
640 4247 810 4314 Hesiodcis
829 4248 960 4333 similes,
979 4271 1059 4334 quas
1078 4248 1234 4335 genuinas
1253 4249 1380 4314 dixeris.

206 4351 358 4418 Omnium
390 4358 499 4419 autem
526 4376 637 4419 earum
664 4354 833 4420 Boeotiam
860 4356 999 4439 patriam
1025 4356 1127 4421 fuisse
1153 4357 1205 4420 vel
1231 4356 1304 4421 inde
1332 4360 1381 4421 001

206 4460 274 4523 1011
298 4461 418 4546 simile,
442 4461 528 4545 quod
551 4459 713 4526 Hesiodus
736 4483 847 4526 eorum
870 4462 1006 4528 tutelam
1029 4462 1189 4547 suscipere
1211 4463 1276 4528 iam
1299 4463 1380 4527 anti·
