3366 5168
461 274 509 375 De,
521 318 678 375 Aristarchi
696 318 727 373 in
744 316 897 373 Hesiodum
916 317 1130 374 commentariis.
1315 319 1376 382 121

295 483 470 548 Destitutis
490 487 598 547 autem
615 482 710 546 nobis
728 482 882 547 memoria
901 481 1022 565 scripta
1040 484 1073 546 et
1085 481 1171 546 nixis
1190 487 1379 568 argumento

209 590 295 676 quod
328 590 439 653 dicunt
467 612 507 654 ex
534 589 679 676 silentio,
710 609 782 653 cum
814 592 864 652 tot
896 588 1030 653 servatis
1057 586 1235 653 Aristonici
1267 593 1299 653 et
1326 589 1381 653 Di·
1489 601 1491 605 ’

208 696 296 780 dymi
319 697 508 782 fragmentis
534 717 693 780 nusquam
716 692 914 759 Aristarchei
942 695 1048 778 operis
1075 695 1196 761 mentio
1219 696 1291 782 fiat,
1316 697 1382 760 iam

207 803 284 868 licet
316 802 419 867 dicere
451 806 584 868 contra
613 801 766 866 traditam
791 801 980 866 memoriam
1007 799 1197 866 Aristarcho
1225 824 1381 867 commen-

209 910 309 975 tarios
328 908 506 975 Hesiodecs
530 908 713 973 adiudicari.
760 907 852 985 Quod
869 929 929 972 nos
947 908 1052 973 facere
1071 909 1143 997 cogi
1159 907 1271 972 multis
1291 929 1382 993 argu·

208 1017 325 1081 mentis
360 1037 425 1080 uno
458 1037 511 1080 ore
546 1016 709 1080 affirmant
741 1014 955 1080 Waeschlrius
995 1013 1216 1098 Flachiusque.
1274 1012 1383 1098 Atque

208 1122 296 1187 illius
321 1121 451 1187 scholiis
475 1121 515 1185 ad
538 1121 742 1207 Theogoniae
760 1145 789 1187 r.
804 1121 869 1187 523
892 1121 962 1186 nixi
986 1121 1146 1186 sententia
1168 1122 1233 1185 iam
1252 1120 1382 1203 abipso

208 1226 339 1297 Flechic
371 1229 407 1292 in
432 1228 516 1293 libro
546 1227 648 1294 (Alces.
678 1233 710 1293 et
738 1228 843 1294 Schcl.
871 1251 901 1312 p.
923 1228 986 1294 116
998 1250 1066 1312 sqq.
1096 1227 1215 1312 optime
1243 1227 1384 1293 refutata

210 1336 385 1418 acquiesco.
430 1332 543 1400 Finem
567 1339 673 1400 autem
693 1335 769 1400 fecit
789 1335 929 1419 optimae
949 1356 1025 1399 suae
1043 1334 1254 1418 disputationi
1273 1358 1303 1418 p.
1320 1334 1383 1398 120

209 1440 360 1506 Flechius
385 1441 505 1525 dicens,
527 1441 653 1506 etiamsi
677 1442 756 1526 quin
774 1441 1022 1506 commentarius
1041 1441 1081 1505 ab
1100 1439 1289 1506 Aristarcho
1312 1462 1384 1505 con-

212 1548 351 1632 scriptus
382 1551 476 1633 esset,
506 1569 573 1612 non
606 1547 778 1634 dubitaret,
809 1552 919 1613 tamen
949 1569 989 1611 ne
1021 1570 1121 1612 unum
1149 1547 1277 1631 quidem
1301 1547 1386 1632 frag·

210 1659 355 1719 mentum
377 1655 474 1718 huius
499 1655 604 1739 operis
628 1655 663 1718 in
685 1654 890 1739 Theogoniae
914 1654 1045 1718 scholiis
1067 1675 1162 1737 posse
1181 1676 1214 1718 se
1232 1654 1383 1718 invenire.

213 1761 307 1839 Quod
331 1782 364 1825 se
387 1761 434 1826 ita
455 1760 574 1824 habere
596 1759 677 1824 mihi
701 1782 827 1845 quoque
851 1763 901 1824 est
920 1782 1121 1845 persuasum3
1144 1763 1178 1823 at
1195 1760 1231 1824 in
1244 1757 1384 1844 Operum

213 1867 344 1933 scholiis
373 1870 527 1952 quattuor
553 1861 619 1931 ille
636 1866 779 1950 repperit
806 1867 1001 1954 fragmenta,
1034 1866 1105 1931 ride
1133 1864 1267 1930 Jahrbb.
1298 1865 1385 1931 CXV
1420 1884 1421 1889 ’

211 1999 240 2059 p.
256 1974 331 2040 436.
367 1973 512 2038 Primum
531 1978 639 2038 autem
658 1973 749 2038 valde
767 1973 943 2038 admiratus
961 1973 1084 2038 frustra
1102 1994 1235 2057 quaeres
1249 1994 1386 2058 causam,

212 2104 267 2147 cur
298 2082 383 2146 inter
409 2081 488 2146 haec
516 2081 697 2166 fragmenta
724 2080 806 2145 illud
834 2102 873 2144 cx
899 2080 1043 2166 Etymol.
1072 2079 1218 2146 Gudiano
1246 2081 1385 2165 petitum

210 2210 278 2253 non
299 2188 492 2272 inveniatur,
507 2187 592 2272 quod
611 2187 741 2272 utrique
760 2188 1002 2252 fundamentum
1021 2188 1123 2252 totius
1142 2188 1189 2252 rei
1207 2187 1385 2253 videbatur.

212 2294 344 2379 Deinde,
367 2299 403 2360 ut
427 2294 464 2359 de
488 2295 593 2359 tribus
621 2286 755 2379 reliquis
776 2294 1003 2380 „fragmentis“
1024 2293 1206 2359 Flachianis
1229 2295 1268 2359 ad
1285 2318 1313 2360 r.
1334 2295 1386 2379 30,

213 2401 288 2487 693,
312 2402 376 2467 826
399 2405 513 2486 postea
533 2402 720 2468 brevissime
740 2402 852 2485 dicam,
871 2423 952 2486 quae
970 2422 1103 2485 prorsus
1122 2401 1272 2466 audacter
1290 2405 1386 2486 atque

213 2508 281 2572 sine
310 2506 375 2571 ulla
403 2507 634 2590 probabilitate
658 2507 808 2572 adiuncta
832 2511 922 2592 sunt,
949 2511 987 2570 ut
1010 2506 1054 2570 sit
1072 2505 1197 2590 plenior
1219 2526 1386 2571 numerus:

212 2636 313 2678 unum
338 2618 465 2698 praeter
492 2613 574 2678 illud
596 2612 704 2696 Etym.
729 2612 868 2679 Gudiani
895 2613 993 2678 etiam
1021 2634 1040 2676 a
1067 2611 1262 2677 Waeschkic
1276 2636 1305 2695 p.
1323 2613 1385 2677 173

213 2721 298 2784 inter
320 2717 521 2784 Aristarchei
544 2719 765 2784 commentarii
788 2719 969 2804 fragmenta
991 2718 1135 2802 positum
1158 2718 1287 2802 utrique
1310 2719 1386 2784 alte-

212 2849 284 2890 rum
307 2826 551 2890 tundamentum
575 2826 751 2891 sententiae
774 2826 879 2890 risum
902 2828 966 2910 est,
989 2825 1147 2889 scholium
1171 2824 1386 2890 Choercbosci

213 2933 254 2998 ad
271 2955 299 2997 r.
320 2932 361 2997 97
385 2955 414 3016 p.
432 2932 505 3019 103,
519 2932 548 2998 3.
595 2932 688 3012 Quod
709 2932 820 2998 statim
844 2931 955 2997 ecdem
978 2932 1073 2997 modo
1092 2931 1196 2997 debile
1214 2953 1283 2997 esse
1301 2931 1386 2996 ride-

213 3040 264 3104 bis
288 3061 324 3104 ac
346 3039 436 3124 prius
459 3039 548 3105 illud.
594 3038 646 3104 lbi
668 3039 801 3124 legitur:
825 3041 924 3104 ἔνὸον
948 3041 1062 3123 ἔμιμνε
1080 3042 1198 3104 πίθον·
1223 3037 1386 3126 semme

214 3146 334 3230 optime
361 3145 515 3212 Lehrsius
548 3147 586 3211 de
612 3145 795 3211 Aristarchi
823 3146 905 3211 stud.
934 3145 1028 3211 Hom.
1052 3168 1082 3228 p.
1099 3145 1161 3210 199
1173 3167 1219 3230 sq.
1247 3147 1387 3210 correxit

214 3252 248 3316 in
265 3250 348 3339 πῶς)
373 3271 487 3337 φησιν,
512 3256 619 3338 ἔμεινε
643 3253 679 3318 ἐν
701 3263 746 3342 τῷ
769 3257 860 3342 πίθῳ
884 3253 905 3337 ἡ
929 3252 1033 3329 ἐλπίς·
1058 3255 1127 3317 ἔστι
1151 3255 1213 3338 γὰρ
1232 3261 1330 3318 τοῦτο
1351 3252 1386 3318 ἐν

214 3358 413 3445 ἀνθρώποις.
469 3364 574 3426 Τοῦτο
603 3356 639 3425 δὲ
662 3359 717 3425 aul
741 3363 896 3445 Κόμιινος
919 3359 937 3425 ὁ
960 3359 1190 3447 ἀρχιοινοχόος
1212 3368 1273 3425 τοῦ
1296 3362 1387 3444 βασι-

214 3463 295 3541 λέως
317 3466 535 3551 προῦτεινε.
584 3464 710 3549 Φηοὶν
734 3461 805 3531 οὖν
825 3462 1091 3552 Ἀρίσταρχος,
1119 3466 1170 3532 ὅτι
1192 3466 1213 3550 ἡ
1237 3463 1298 3551 μὲν
1321 3477 1387 3531 τῶν

213 3582 324 3636 κακῶν
348 3574 454 3655 ἔμεινε
477 3570 541 3636 ιιιὲ.
587 3570 675 3648 Quae
699 3576 886 3658 sequuntur,
909 3575 985 3637 sunt
1012 3577 1172 3658 corrupta,
1194 3594 1298 3656 neque
1315 3570 1387 3635 Ari·

216 3675 336 3740 starchi
364 3677 530 3741 sententia¹
550 3682 635 3743 recte
658 3678 812 3763 traditur3
842 3677 880 3743 de
902 3678 1001 3742 variis
1024 3678 1096 3744 loco
1119 3678 1266 3743 medendi
1288 3677 1387 3747 ratic-

214 3782 310 3846 nibus
333 3782 417 3846 infra
440 3781 570 3847 dicetur.
616 3782 698 3860 Quia
715 3806 791 3848 vero
810 3806 876 3848 non
894 3783 999 3847 solum
1017 3783 1190 3848 manifesto
1210 3783 1388 3866 explicatur

216 3889 344 3974 signum
371 3886 627 3975 Aristarcheum,
654 3912 767 3954 verum
795 3889 893 3954 etiam
921 3888 1053 3953 affertur
1081 3888 1150 3952 eius
1174 3889 1213 3952 de
1235 3890 1387 3973 interpre-

215 3996 313 4060 tando
337 3999 408 4059 toto
431 3994 502 4059 lccc
527 3996 694 4080 sententia,
716 3995 908 4060 videbantur
930 3993 1059 4078 utrique
1076 3995 1262 4061 viro-docto
1279 4017 1387 4061 neces-

216 4102 300 4168 sario
327 4102 406 4167 haec
433 4125 450 4166 e
477 4102 704 4167 commentario
733 4102 836 4186 petita
865 4123 934 4166 esse
956 4098 1137 4166 Aristarchi
1161 4102 1205 4167 ad
1227 4102 1388 4168 Hesiodi

215 4207 404 4296 Opera,—-
423 4209 516 4293 quasi
537 4230 666 4273 necesse
689 4212 773 4274 esset
796 4209 904 4273 omnia
926 4209 966 4272 ab
980 4206 1170 4275 Aristarcho
1189 4211 1227 4274 de
1245 4208 1387 4274 Hesiodo

217 4315 303 4380 dicta
333 4316 433 4381 fuisse
464 4316 500 4380 in
532 4315 600 4380 eius
624 4315 862 4380 commentariis
889 4313 1067 4381 Hesiodeis.
1123 4314 1227 4381 Immo
1254 4316 1289 4380 in
1315 4316 1387 4400 ipso

218 4421 357 4510 scholio,
388 4422 444 4487 ubi
478 4422 575 4488 etiam
608 4422 730 4507 optime
757 4421 878 4489 dictum
905 4427 954 4489 est
982 4423 1020 4491 dc
1048 4421 1190 4489 Uomano
1213 4423 1388 4510 προῦτεινε
