3366 5168
694 322 813 379 Scholia.
825 322 925 378 Procli
1354 324 1396 388 73

226 490 335 574 potius
367 488 468 554 veteri
499 487 709 573 grammatico
745 488 944 552 restituenda
977 486 1083 573 sunt),
1110 511 1140 572 p.
1160 487 1240 574 364,
1260 488 1401 575 16-29,

227 598 308 682 366,
335 594 487 682 15-24,
514 595 594 679 367,
622 592 800 680 15-368,
829 594 878 658 11.
932 593 1068 659 Removi
1090 616 1129 659 ex
1156 597 1333 678 postremo,
1363 599 1400 659 ut

227 703 330 787 vides,
366 702 488 785 primos
525 701 606 765 duos
642 722 767 786 161666,
805 701 924 785 quippe
960 702 995 766 in
1032 701 1150 786 quibus
1185 702 1306 767 mentio
1342 701 1401 766 fiat

229 810 395 895 signorum
426 807 734 894 Alexandrinorum,
765 829 802 872 66
834 808 942 873 611666
972 808 1155 894 Ρ16611666,
1187 829 1250 892 666
1283 808 1400 872 6161166

229 920 375 1003 apparet,
402 937 483 1000 6666
511 915 622 979 statim
646 915 779 979 affertur
801 915 842 979 ab
866 937 903 979 eo
927 915 1081 980 athetesis
1103 914 1308 1001 Ρ1666161166,
1331 936 1400 979 6661
1480 915 1484 922 ’

228 1027 340 1088 contra
368 1022 452 1087 hanc
473 1021 765 1087 Alexandrinorum
796 1021 981 1105 opinionem
1002 1021 1116 1086 161616.
1161 1020 1267 1085 Ρ16611
1289 1021 1402 1085 661666

228 1134 302 1195 6666
324 1153 354 1214 p.
375 1130 454 1217 368,
481 1129 628 1215 26-29,
660 1130 720 1193 sub
752 1130 849 1193 finem
882 1128 1053 1193 admodum
1085 1132 1236 1212 corrupta
1269 1128 1309 1192 ab
1343 1128 1400 1192 illo

228 1241 421 1321 excerptore.
459 1235 506 1302 df.
531 1258 612 1320 quae
635 1237 811 1320 conscripsi
829 1235 868 1300 de
886 1235 1401 1300 16161666646-66216661661,

228 1343 662 1427 7166666666166166208.
707 1342 825 1408 Μ66116
847 1347 923 1408 sunt
947 1343 1025 1408 item
1049 1343 1117 1408 eius
1142 1342 1263 1407 scholia
1282 1365 1313 1427 p.
1329 1342 1403 1427 368,

229 1449 435 1535 30-369,5.
481 1450 666 1535 Excipiunt,
690 1472 771 1533 quae
794 1451 906 1534 procul
930 1455 1006 1515 sunt
1029 1473 1048 1514 6
1071 1450 1261 1535 suspicione,
1279 1471 1308 1532 p.
1329 1449 1403 1534 369,

231 1557 364 1642 6-16,
391 1555 643 1643 371,15-16,
671 1557 750 1642 372,
769 1557 873 1645 ,1-2,
897 1557 1042 1637 26-31,
1076 1555 1301 1641 373,1-20,
1329 1555 1403 1638 376,

231 1662 479 1749 6-9,22-24,
499 1662 785 1749 376,19-377,3.
813 1663 862 1728 De
876 1661 1401 1748 637614-18116616116694.

320 1768 372 1833 Ad
390 1792 419 1834 1.
439 1767 503 1833 695
514 1791 583 1853 666.
603 1769 691 1833 adest
709 1769 843 1834 Procius
862 1792 892 1853 p.
904 1770 978 1853 377,
988 1769 1107 1833 4-21,
1151 1768 1235 1832 Hinc
1258 1768 1309 1832 161
1332 1789 1404 1832 666-

231 1877 365 1941 trariam
379 1898 470 1940 suam
485 1877 678 1941 sententiam
690 1876 800 1941 hausit
810 1876 925 1941 Tzetza
940 1880 972 1940 et
981 1875 1212 1958 Moschopulus
1220 1876 1287 1939 fere
1297 1875 1404 1938 omnia

232 2006 290 2049 sua
318 1984 356 2048 ad
379 1983 515 2048 verbum
538 1983 715 2067 exscripsit.
760 1982 861 2047 Porro
884 1981 1052 2048 Procliana
1075 2006 1105 2067 p.
1125 1983 1200 2067 379,
1213 1982 1311 2068 4-6,
1329 1982 1404 2067 380,

233 2090 386 2177 12-16,
417 2089 593 2176 18-381,
624 2092 656 2175 7,
688 2089 829 2154 21-22
861 2089 946 2154 16661
977 2090 1146 2174 exscripsit
1173 2089 1404 2172 Moschopulus

231 2198 406 2284 p.379sq.‚
423 2198 502 2261 16616
521 2196 644 2281 Taetza,
664 2196 719 2260 sed
737 2196 840 2261 multo
858 2196 1001 2281 liberius,
1020 2220 1051 2281 p.
1070 2197 1143 2261 381.
1180 2195 1229 2260 De
1247 2195 1404 2260 vocabulo

232 2306 429 2389 δειπνολόχη
449 2304 659 2369 conferendus
678 2308 728 2368 est
746 2305 844 2369 etiam
862 2308 973 2369 auctor
987 2303 1095 2388 Etym.
1112 2303 1223 2388 Magni
1237 2326 1266 2387 p.
1276 2301 1351 2387 262,
1360 2302 1403 2366 49

233 2408 286 2497 (cf.
309 2408 452 2498 666616),
485 2410 625 2475 Zonaras
648 2434 678 2494 p.
697 2411 777 2497 479,
808 2411 948 2475 fortasse
979 2410 1173 2474 Eustathius
1206 2430 1334 2493 quoque
1366 2407 1405 2472 ad

234 2515 409 2600 Odysseam
427 2540 456 2601 p.
479 2515 617 2602 16661.
664 2514 817 2581 Conferas
841 2518 983 2580 eiusdem
1006 2539 1035 2599 p.
1057 2516 1153 2602 1784,
1166 2514 1219 2580 25.

322 2623 498 2707 Excipiunt
526 2623 582 2686 illa
609 2645 639 2706 p.
662 2623 741 2708 381,
764 2623 933 2708 26-382,
963 2622 998 2709 7,
1020 2643 1101 2706 quae
1125 2622 1321 2686 adverbum
1348 2644 1405 2686 sua

233 2729 310 2794 fecit
332 2728 578 2814 Moschopulus,
601 2750 698 2813 porro
721 2751 751 2812 p.
772 2729 846 2815 382,
865 2728 1029 2814 22-383,
1048 2729 1104 2813 20,
1124 2749 1205 2811 6666
1224 2728 1302 2792 61161
1321 2731 1405 2792 66166

234 2835 405 2899 6661116666
417 2835 549 2900 fuerunt
558 2857 630 2900 cum
641 2835 849 2919 sequentibus
860 2858 889 2918 p.
898 2835 973 2920 384,
989 2835 1120 2899 11-20
1134 2839 1166 2899 66
1180 2836 1255 2920 384,
1264 2835 1404 2898 21-29,

233 2941 327 3006 Prius
354 2942 420 3006 fere
449 2942 612 3027 integrum
635 2943 805 3026 exscripsit
827 2941 1066 3025 Moschopulus.
1118 2938 1303 3026 Sequuntur
1329 2940 1406 3005 Pro-

194 3071 196 3075 ’
234 3049 338 3135 olisna
356 3072 385 3133 p.
406 3047 853 3136 6616-38661661,
875 3048 932 3112 ubi
949 3049 1105 3133 postremi
1124 3052 1278 3133 quattuor
1296 3069 1407 3112 161666

235 3157 396 3231 immerito
416 3156 561 3221 66666116
576 3156 695 3240 duplici
710 3157 803 3243 signo
818 3158 926 3233 ἄλλως
939 3156 1148 3220 divelluntur:
1163 3156 1281 3240 duplex
1296 3155 1407 3219 subest

235 3264 388 3348 recensio,
406 3262 577 3327 manifesta
595 3263 715 3348 ubique
736 3285 788 3327 ars
806 3263 1039 3346 interpretandi
1062 3261 1237 3327 Procliana.

323 3370 411 3435 Haec
429 3369 670 3454 subsequuntur
689 3370 790 3454 ipsius
804 3369 912 3434 Procli
926 3394 957 3453 p.
967 3371 1042 3455 387,
1052 3370 1215 3455 32-388,
1225 3368 1256 3455 6,
1268 3369 1408 3453 18-26,

234 3477 314 3563 389,
337 3476 454 3543 3-17,
504 3470 673 3541 Postrema
696 3477 866 3561 exscripsit
888 3476 1003 3542 Tzetza
1026 3475 1071 3565 (p.
1091 3477 1170 3563 389,
1189 3474 1269 3563 390)
1292 3476 1347 3561 166,
1370 3479 1407 3539 66

235 3583 329 3666 plura
350 3582 433 3666 inde,
456 3583 925 3669 616666666166,66666116166.
962 3583 1054 3660 Quod
1077 3584 1222 3669 sequitur
1241 3582 1408 3667 scholium,

236 3710 266 3770 p.
285 3688 364 3771 390,
385 3686 548 3775 15-181)
554 3742 563 3775 ‚
590 3712 657 3755 666
682 3711 815 3775 possum
843 3711 902 3774 ego
929 3688 1044 3755 Proclo
1068 3689 1258 3773 attribuere3
1281 3688 1407 3753 vindico

212 3819 215 3824 ¹
236 3794 346 3878 potius
373 3796 474 3858 166611
497 3796 681 3883 interpreti,
709 3798 784 3881 quia
807 3800 1033 3878 comparantur
1054 3796 1218 3859 variorum
1239 3799 1408 3878 poetarum

236 3923 347 3966 versus
370 3923 442 3965 cum
464 3902 641 3967 Hesiodeis.
688 3902 794 3968 Procli
817 3923 927 3967 rursus
951 3904 1027 3965 sunt
1049 3923 1079 3983 p.
1099 3900 1178 3987 390,
1197 3900 1360 3986 28-391,
1378 3903 1409 3984 6,

238 4030 301 4093 666
338 4008 409 4073 1666
445 4007 508 4072 666
541 4010 765 4073 coniunximus
798 4012 945 4092 excerpta
976 4008 1071 4072 unius
1099 4007 1303 4091 eiusdemque
1331 4006 1408 4070 olim

235 4116 391 4201 plenioris
419 4112 564 4202 scholii2)
592 4116 711 4180 iniuria
737 4137 822 4179 nunc
849 4136 906 4199 per
928 4116 1037 4191 ἄλλως
1063 4114 1236 4179 dissociati.
1280 4112 1313 4177 P.
1334 4112 1409 4199 391,

327 4365 354 4434 1)
373 4362 516 4419 Scholium
534 4365 578 4417 est
596 4364 756 4432 excerptum
769 4361 911 4433 plenioris.
940 4361 979 4417 ef.
994 4359 1208 4431 Moschopulum
1221 4378 1248 4430 p.
1258 4365 1320 4428 387,
1330 4365 1354 4414 6.

197 4486 199 4490 ·
328 4456 355 4523 2)
374 4451 413 4507 ef.
433 4451 614 4507 Eustathium
633 4452 670 4507 ad
688 4451 768 4506 Iliad.
787 4470 814 4522 p.
831 4457 909 4525 1686,
923 4457 966 4521 43,
986 4450 1023 4505 66
1043 4449 1140 4520 06166.
1155 4468 1183 4519 p.
1198 4455 1275 4519 1412,
1291 4455 1332 4504 16.
