<?xml version="1.0" encoding="UTF-8"?>
<!DOCTYPE html PUBLIC "-//W3C//DTD XHTML 1.0 Transitional//EN"
    "http://www.w3.org/TR/xhtml1/DTD/xhtml1-transitional.dtd">
<html xmlns="http://www.w3.org/1999/xhtml" xml:lang="en" lang="en">
 <head>
  <title>
</title>
<meta http-equiv="Content-Type" content="text/html;charset=utf-8" />
  <meta name='ocr-system' content='tesseract 3.04.00' />
  <meta name='ocr-capabilities' content='ocr_page ocr_carea ocr_par ocr_line ocrx_word'/>
</head>
<body>
  <div class='ocr_page' id='page_1' title='image "./studiahesiodeas01dimigoog_0193.png"; bbox 0 0 3390 5178; ppageno 0'>
   <div class='ocr_carea' id='block_1_1' title="bbox 319 354 1240 426">
    <p class='ocr_par' dir='ltr' id='par_1_1' title="bbox 319 354 1240 426">
     <span class='ocr_line' id='line_1_1' title="bbox 319 354 1240 426; baseline -0.005 -10"><span class='ocrx_word' id='word_1_1' title='bbox 319 359 358 423; x_wconf 77' lang='lat'><strong>17</strong></span> <span class='ocrx_word' id='word_1_2' title='bbox 362 359 383 422; x_wconf 86' lang='lat'>4</span> <span class='ocrx_word' id='word_1_3' title='bbox 563 358 605 411; x_wconf 94' lang='lat' dir='ltr'><strong>De</strong></span> <span class='ocrx_word' id='word_1_4' title='bbox 624 357 745 426; x_wconf 87' lang='lat' dir='ltr'><strong>Operum</strong></span> <span class='ocrx_word' id='word_1_5' title='bbox 763 355 889 410; x_wconf 83' lang='lat' dir='ltr'><strong>versibus</strong></span> <span class='ocrx_word' id='word_1_6' title='bbox 909 355 944 410; x_wconf 93' lang='lat' dir='ltr'><strong>ab</strong></span> <span class='ocrx_word' id='word_1_7' title='bbox 965 354 1089 423; x_wconf 85' lang='lat' dir='ltr'><strong>antiquis</strong></span> <span class='ocrx_word' id='word_1_8' title='bbox 1107 356 1240 411; x_wconf 88' lang='lat' dir='ltr'><strong>laudatis.</strong></span> 
     </span>
    </p>
   </div>
   <div class='ocr_carea' id='block_1_2' title="bbox 255 516 1491 4026">
    <p class='ocr_par' dir='ltr' id='par_1_2' title="bbox 255 516 1490 1245">
     <span class='ocr_line' id='line_1_2' title="bbox 318 516 1488 608; baseline -0.003 -21"><span class='ocrx_word' id='word_1_9' title='bbox 318 521 406 608; x_wconf 80' lang='lat' dir='ltr'><strong>Orig.</strong></span> <span class='ocrx_word' id='word_1_10' title='bbox 461 520 523 597; x_wconf 83' lang='lat' dir='ltr'><strong>Qui</strong></span> <span class='ocrx_word' id='word_1_11' title='bbox 554 543 665 585; x_wconf 83' lang='lat' dir='ltr'><strong>versus</strong></span> <span class='ocrx_word' id='word_1_12' title='bbox 697 520 804 585; x_wconf 86' lang='grc' dir='ltr'><strong><em>τ360</em></strong></span> <span class='ocrx_word' id='word_1_13' title='bbox 836 524 921 584; x_wconf 90' lang='lat' dir='ltr'><strong>certe</strong></span> <span class='ocrx_word' id='word_1_14' title='bbox 953 518 1143 584; x_wconf 81' lang='lat' dir='ltr'>Homericus</span> <span class='ocrx_word' id='word_1_15' title='bbox 1172 516 1224 607; x_wconf 85' lang='lat' dir='ltr'><strong>(cf.</strong></span> <span class='ocrx_word' id='word_1_16' title='bbox 1247 518 1332 583; x_wconf 93' lang='lat' dir='ltr'><strong>Plut.</strong></span> <span class='ocrx_word' id='word_1_17' title='bbox 1356 520 1394 583; x_wconf 92' lang='lat' dir='ltr'><strong>de</strong></span> <span class='ocrx_word' id='word_1_18' title='bbox 1419 519 1488 584; x_wconf 90' lang='lat' dir='ltr'><strong>aud.</strong></span> 
     </span>
     <span class='ocr_line' id='line_1_3' title="bbox 318 623 1488 713; baseline -0.003 -19"><span class='ocrx_word' id='word_1_19' title='bbox 318 633 402 713; x_wconf 90' lang='lat' dir='ltr'><strong>poet.</strong></span> <span class='ocrx_word' id='word_1_20' title='bbox 425 653 455 713; x_wconf 90' lang='lat' dir='ltr'><strong>p.</strong></span> <span class='ocrx_word' id='word_1_21' title='bbox 475 629 555 693; x_wconf 77' lang='lat' dir='ltr'><strong>24f:</strong></span> <span class='ocrx_word' id='word_1_22' title='bbox 580 628 624 705; x_wconf 81' lang='grc' dir='ltr'><strong>ὡς</strong></span> <span class='ocrx_word' id='word_1_23' title='bbox 639 627 815 713; x_wconf 79' lang='grc' dir='ltr'><em>Ὅμηρος·</em></span> <span class='ocrx_word' id='word_1_24' title='bbox 839 623 920 706; x_wconf 76' lang='grc' dir='ltr'><strong><em>αἶψα</em></strong></span> <span class='ocrx_word' id='word_1_25' title='bbox 944 629 1006 713; x_wconf 75' lang='grc' dir='ltr'><strong>γὰρ</strong></span> <span class='ocrx_word' id='word_1_26' title='bbox 1031 625 1068 692; x_wconf 85' lang='grc' dir='ltr'><strong>ἐν</strong></span> <span class='ocrx_word' id='word_1_27' title='bbox 1089 629 1242 709; x_wconf 78' lang='grc' dir='ltr'><strong><em>κακότητι</em></strong></span> <span class='ocrx_word' id='word_1_28' title='bbox 1261 629 1344 713; x_wconf 81' lang='grc' dir='ltr'><strong><em>κτλ.)</em></strong></span> <span class='ocrx_word' id='word_1_29' title='bbox 1367 631 1425 689; x_wconf 90' lang='lat' dir='ltr'><strong>aut</strong></span> <span class='ocrx_word' id='word_1_30' title='bbox 1448 627 1488 691; x_wconf 90' lang='lat' dir='ltr'><strong>ab</strong></span> 
     </span>
     <span class='ocr_line' id='line_1_4' title="bbox 319 731 1489 821; baseline -0.003 -21"><span class='ocrx_word' id='word_1_31' title='bbox 319 736 376 800; x_wconf 91' lang='lat' dir='ltr'><strong>illo</strong></span> <span class='ocrx_word' id='word_1_32' title='bbox 403 736 506 820; x_wconf 89' lang='lat' dir='ltr'><strong>primo</strong></span> <span class='ocrx_word' id='word_1_33' title='bbox 535 735 669 799; x_wconf 87' lang='lat' dir='ltr'><strong>allatum</strong></span> <span class='ocrx_word' id='word_1_34' title='bbox 697 738 745 798; x_wconf 88' lang='lat' dir='ltr'><strong>est</strong></span> <span class='ocrx_word' id='word_1_35' title='bbox 773 731 820 821; x_wconf 82' lang='lat' dir='ltr'><strong>(et</strong></span> <span class='ocrx_word' id='word_1_36' title='bbox 850 735 989 817; x_wconf 87' lang='lat' dir='ltr'><strong>primunr</strong></span> <span class='ocrx_word' id='word_1_37' title='bbox 1016 734 1051 798; x_wconf 90' lang='lat' dir='ltr'><strong>in</strong></span> <span class='ocrx_word' id='word_1_38' title='bbox 1077 731 1249 820; x_wconf 80' lang='lat' dir='ltr'><strong>margine),</strong></span> <span class='ocrx_word' id='word_1_39' title='bbox 1281 734 1337 817; x_wconf 90' lang='lat' dir='ltr'><strong>qui</strong></span> <span class='ocrx_word' id='word_1_40' title='bbox 1365 734 1489 816; x_wconf 89' lang='lat' dir='ltr'><strong>primus</strong></span> 
     </span>
     <span class='ocr_line' id='line_1_5' title="bbox 318 840 1488 926; baseline -0.003 -20"><span class='ocrx_word' id='word_1_41' title='bbox 318 864 378 926; x_wconf 90' lang='lat' dir='ltr'><strong>pro</strong></span> <span class='ocrx_word' id='word_1_42' title='bbox 402 840 520 905; x_wconf 89' lang='lat' dir='ltr'><strong>tradita</strong></span> <span class='ocrx_word' id='word_1_43' title='bbox 542 862 619 905; x_wconf 86' lang='lat' dir='ltr'><strong>voce</strong></span> <span class='ocrx_word' id='word_1_44' title='bbox 641 850 745 926; x_wconf 78' lang='grc' dir='ltr'><strong><em>κῆρας</em></strong></span> <span class='ocrx_word' id='word_1_45' title='bbox 767 840 910 904; x_wconf 86' lang='lat' dir='ltr'><strong>exaravit</strong></span> <span class='ocrx_word' id='word_1_46' title='bbox 934 848 1047 926; x_wconf 73' lang='grc' dir='ltr'><strong><em>γῆρας,</em></strong></span> <span class='ocrx_word' id='word_1_47' title='bbox 1070 845 1126 904; x_wconf 89' lang='lat' dir='ltr'><strong>aut</strong></span> <span class='ocrx_word' id='word_1_48' title='bbox 1149 841 1213 904; x_wconf 83' lang='lat' dir='ltr'><strong>fuit</strong></span> <span class='ocrx_word' id='word_1_49' title='bbox 1235 840 1344 924; x_wconf 88' lang='lat' dir='ltr'><strong>potius</strong></span> <span class='ocrx_word' id='word_1_50' title='bbox 1365 841 1398 903; x_wconf 92' lang='lat' dir='ltr'><strong>in</strong></span> <span class='ocrx_word' id='word_1_51' title='bbox 1417 841 1488 924; x_wconf 89' lang='lat' dir='ltr'><strong>ipso</strong></span> 
     </span>
     <span class='ocr_line' id='line_1_6' title="bbox 318 946 1489 1032; baseline -0.003 -20"><span class='ocrx_word' id='word_1_52' title='bbox 318 948 508 1032; x_wconf 89' lang='lat' dir='ltr'><strong>archetypo,</strong></span> <span class='ocrx_word' id='word_1_53' title='bbox 535 947 654 1031; x_wconf 89' lang='lat' dir='ltr'><strong>quippe</strong></span> <span class='ocrx_word' id='word_1_54' title='bbox 678 969 771 1030; x_wconf 89' lang='lat' dir='ltr'><strong>quem</strong></span> <span class='ocrx_word' id='word_1_55' title='bbox 795 947 860 1010; x_wconf 92' lang='lat' dir='ltr'><strong>iam</strong></span> <span class='ocrx_word' id='word_1_56' title='bbox 884 968 980 1030; x_wconf 89' lang='lat' dir='ltr'><strong>supra</strong></span> <span class='ocrx_word' id='word_1_57' title='bbox 1008 946 1181 1011; x_wconf 86' lang='lat' dir='ltr'><strong>viderimus</strong></span> <span class='ocrx_word' id='word_1_58' title='bbox 1204 946 1303 1010; x_wconf 85' lang='lat' dir='ltr'><strong>fuisse</strong></span> <span class='ocrx_word' id='word_1_59' title='bbox 1326 946 1489 1029; x_wconf 84' lang='lat' dir='ltr'>parallelis</span> 
     </span>
     <span class='ocr_line' id='line_1_7' title="bbox 317 1053 1490 1137; baseline -0.003 -18"><span class='ocrx_word' id='word_1_60' title='bbox 317 1054 396 1119; x_wconf 88' lang='lat' dir='ltr'><strong>locis</strong></span> <span class='ocrx_word' id='word_1_61' title='bbox 419 1053 599 1118; x_wconf 82' lang='lat' dir='ltr'><strong>Homericis</strong></span> <span class='ocrx_word' id='word_1_62' title='bbox 623 1057 821 1137; x_wconf 88' lang='lat' dir='ltr'><strong>exornatum,</strong></span> <span class='ocrx_word' id='word_1_63' title='bbox 845 1074 946 1136; x_wconf 89' lang='lat' dir='ltr'><strong>eoque</strong></span> <span class='ocrx_word' id='word_1_64' title='bbox 968 1053 1089 1117; x_wconf 89' lang='lat' dir='ltr'><strong>factum</strong></span> <span class='ocrx_word' id='word_1_65' title='bbox 1114 1056 1177 1137; x_wconf 91' lang='lat' dir='ltr'><strong>est,</strong></span> <span class='ocrx_word' id='word_1_66' title='bbox 1199 1056 1237 1116; x_wconf 93' lang='lat' dir='ltr'><strong>ut</strong></span> <span class='ocrx_word' id='word_1_67' title='bbox 1259 1062 1362 1136; x_wconf 76' lang='grc' dir='ltr'><strong><em>κῆρας</em></strong></span> <span class='ocrx_word' id='word_1_68' title='bbox 1385 1053 1490 1117; x_wconf 88' lang='lat' dir='ltr'><strong>abiret</strong></span> 
     </span>
     <span class='ocr_line' id='line_1_8' title="bbox 255 1159 486 1245; baseline -0.004 -19"><span class='ocrx_word' id='word_1_69' title='bbox 255 1159 257 1162; x_wconf 39' lang='lat'>¹</span> <span class='ocrx_word' id='word_1_70' title='bbox 318 1163 353 1226; x_wconf 89' lang='lat' dir='ltr'><strong>in</strong></span> <span class='ocrx_word' id='word_1_71' title='bbox 375 1171 486 1245; x_wconf 77' lang='grc' dir='ltr'><strong><em>γῆρας.</em></strong></span> 
     </span>
    </p>

    <p class='ocr_par' dir='ltr' id='par_1_3' title="bbox 316 1265 1491 2958">
     <span class='ocr_line' id='line_1_9' title="bbox 407 1265 1490 1351; baseline -0.003 -19"><span class='ocrx_word' id='word_1_72' title='bbox 407 1267 529 1332; x_wconf 84' lang='lat' dir='ltr'><strong>Versus</strong></span> <span class='ocrx_word' id='word_1_73' title='bbox 549 1267 680 1331; x_wconf 88' lang='grc'>94-98</span> <span class='ocrx_word' id='word_1_74' title='bbox 704 1268 798 1331; x_wconf 86' lang='lat' dir='ltr'><strong>affert</strong></span> <span class='ocrx_word' id='word_1_75' title='bbox 820 1265 987 1351; x_wconf 70' lang='lat' dir='ltr'><strong>Origenes,</strong></span> <span class='ocrx_word' id='word_1_76' title='bbox 1011 1288 1121 1330; x_wconf 84' lang='lat' dir='ltr'><strong>versus</strong></span> <span class='ocrx_word' id='word_1_77' title='bbox 1141 1267 1286 1349; x_wconf 82' lang='grc'>94-98,</span> <span class='ocrx_word' id='word_1_78' title='bbox 1315 1265 1490 1329; x_wconf 85' lang='grc'>100-104</span> 
     </span>
     <span class='ocr_line' id='line_1_10' title="bbox 317 1371 1488 1460; baseline -0.002 -21"><span class='ocrx_word' id='word_1_79' title='bbox 317 1375 509 1440; x_wconf 77' lang='lat' dir='ltr'><strong>Plutarchus</strong></span> <span class='ocrx_word' id='word_1_80' title='bbox 533 1374 568 1438; x_wconf 89' lang='lat' dir='ltr'><strong>in</strong></span> <span class='ocrx_word' id='word_1_81' title='bbox 590 1373 809 1438; x_wconf 76' lang='lat' dir='ltr'><strong>consolatione</strong></span> <span class='ocrx_word' id='word_1_82' title='bbox 837 1374 876 1437; x_wconf 92' lang='lat' dir='ltr'><strong>ad</strong></span> <span class='ocrx_word' id='word_1_83' title='bbox 899 1372 1110 1457; x_wconf 85' lang='lat' dir='ltr'><strong>Apollonium</strong></span> <span class='ocrx_word' id='word_1_84' title='bbox 1132 1398 1162 1458; x_wconf 89' lang='lat' dir='ltr'><strong>p.</strong></span> <span class='ocrx_word' id='word_1_85' title='bbox 1188 1373 1308 1437; x_wconf 89' lang='lat' dir='ltr'><strong>105de</strong></span> <span class='ocrx_word' id='word_1_86' title='bbox 1332 1371 1488 1460; x_wconf 63' lang='lat' dir='ltr'><strong>(lhblss)</strong></span> 
     </span>
     <span class='ocr_line' id='line_1_11' title="bbox 318 1479 1489 1568; baseline 0 -22"><span class='ocrx_word' id='word_1_87' title='bbox 318 1487 394 1565; x_wconf 88' lang='lat' dir='ltr'><strong>post</strong></span> <span class='ocrx_word' id='word_1_88' title='bbox 416 1503 527 1545; x_wconf 80' lang='lat' dir='ltr'><strong>versus</strong></span> <span class='ocrx_word' id='word_1_89' title='bbox 550 1480 740 1545; x_wconf 88' lang='lat' dir='ltr'><strong>Homericos</strong></span> <span class='ocrx_word' id='word_1_90' title='bbox 764 1484 797 1544; x_wconf 75' lang='lat' dir='ltr'><strong>Sl</strong></span> <span class='ocrx_word' id='word_1_91' title='bbox 815 1480 880 1544; x_wconf 76' lang='lat'><strong>522</strong></span> <span class='ocrx_word' id='word_1_92' title='bbox 891 1503 959 1564; x_wconf 91' lang='lat' dir='ltr'><strong>sqq.</strong></span> <span class='ocrx_word' id='word_1_93' title='bbox 984 1479 1134 1568; x_wconf 86' lang='lat' dir='ltr'><strong>(uterque</strong></span> <span class='ocrx_word' id='word_1_94' title='bbox 1153 1503 1225 1545; x_wconf 91' lang='lat' dir='ltr'><strong>cum</strong></span> <span class='ocrx_word' id='word_1_95' title='bbox 1244 1479 1269 1545; x_wconf 78' lang='lat' dir='ltr'><strong>(l</strong></span> <span class='ocrx_word' id='word_1_96' title='bbox 1289 1503 1316 1545; x_wconf 85' lang='lat' dir='ltr'><strong>v.</strong></span> <span class='ocrx_word' id='word_1_97' title='bbox 1337 1481 1380 1544; x_wconf 90' lang='grc'><strong>94</strong></span> <span class='ocrx_word' id='word_1_98' title='bbox 1403 1485 1489 1566; x_wconf 77' lang='grc' dir='ltr'><strong><em>χείρ-</em></strong></span> 
     </span>
     <span class='ocr_line' id='line_1_12' title="bbox 319 1585 1489 1676; baseline -0.002 -23"><span class='ocrx_word' id='word_1_99' title='bbox 319 1606 404 1674; x_wconf 83' lang='grc' dir='ltr'><strong><em>εσσι,</em></strong></span> <span class='ocrx_word' id='word_1_100' title='bbox 434 1588 519 1673; x_wconf 93' lang='lat' dir='ltr'><strong>quod</strong></span> <span class='ocrx_word' id='word_1_101' title='bbox 551 1610 611 1652; x_wconf 90' lang='lat' dir='ltr'><strong>om.</strong></span> <span class='ocrx_word' id='word_1_102' title='bbox 635 1586 694 1676; x_wconf 84' lang='lat' dir='ltr'><strong>D);</strong></span> <span class='ocrx_word' id='word_1_103' title='bbox 726 1609 852 1652; x_wconf 86' lang='lat' dir='ltr'><strong>versum</strong></span> <span class='ocrx_word' id='word_1_104' title='bbox 873 1587 1005 1651; x_wconf 84' lang='grc'>96-98</span> <span class='ocrx_word' id='word_1_105' title='bbox 1030 1586 1188 1652; x_wconf 83' lang='lat' dir='ltr'><strong>Stobaeus</strong></span> <span class='ocrx_word' id='word_1_106' title='bbox 1221 1589 1255 1651; x_wconf 92' lang='lat' dir='ltr'><strong>in</strong></span> <span class='ocrx_word' id='word_1_107' title='bbox 1286 1588 1389 1672; x_wconf 86' lang='lat' dir='ltr'><strong>capite</strong></span> <span class='ocrx_word' id='word_1_108' title='bbox 1415 1585 1489 1673; x_wconf 78' lang='grc' dir='ltr'><strong><em>περὶ</em></strong></span> 
     </span>
     <span class='ocr_line' id='line_1_13' title="bbox 316 1692 1490 1782; baseline -0.001 -22"><span class='ocrx_word' id='word_1_109' title='bbox 316 1695 451 1772; x_wconf 73' lang='grc' dir='ltr'><strong><em>’ἐλπίδος</em></strong></span> <span class='ocrx_word' id='word_1_110' title='bbox 475 1693 540 1780; x_wconf 75' lang='grc' dir='ltr'><strong>ΟΧ,</strong></span> <span class='ocrx_word' id='word_1_111' title='bbox 559 1694 580 1757; x_wconf 89' lang='grc'><strong>6</strong></span> <span class='ocrx_word' id='word_1_112' title='bbox 600 1692 669 1782; x_wconf 84' lang='lat' dir='ltr'>(IV.</span> <span class='ocrx_word' id='word_1_113' title='bbox 685 1694 726 1758; x_wconf 76' lang='lat'><strong>57</strong></span> <span class='ocrx_word' id='word_1_114' title='bbox 746 1692 871 1781; x_wconf 86' lang='lat' dir='ltr'><strong>Mein),</strong></span> <span class='ocrx_word' id='word_1_115' title='bbox 900 1695 1072 1759; x_wconf 90' lang='lat' dir='ltr'><strong>scholiasta</strong></span> <span class='ocrx_word' id='word_1_116' title='bbox 1095 1696 1136 1759; x_wconf 90' lang='lat' dir='ltr'><strong>ad</strong></span> <span class='ocrx_word' id='word_1_117' title='bbox 1158 1695 1301 1778; x_wconf 77' lang='lat' dir='ltr'><strong>Thucyd.</strong></span> <span class='ocrx_word' id='word_1_118' title='bbox 1319 1692 1368 1758; x_wconf 90' lang='lat' dir='ltr'><strong>HI</strong></span> <span class='ocrx_word' id='word_1_119' title='bbox 1386 1692 1430 1758; x_wconf 85' lang='lat'><strong>45</strong></span> <span class='ocrx_word' id='word_1_120' title='bbox 1453 1697 1490 1759; x_wconf 87' lang='lat' dir='ltr'><strong>ut</strong></span> 
     </span>
     <span class='ocr_line' id='line_1_14' title="bbox 319 1791 1490 1886; baseline -0.001 -19"><span class='ocrx_word' id='word_1_121' title='bbox 319 1803 486 1867; x_wconf 89' lang='lat' dir='ltr'><strong>confirmet</strong></span> <span class='ocrx_word' id='word_1_122' title='bbox 507 1823 574 1866; x_wconf 91' lang='lat' dir='ltr'><strong>non</strong></span> <span class='ocrx_word' id='word_1_123' title='bbox 598 1802 677 1866; x_wconf 87' lang='lat' dir='ltr'><strong>satis</strong></span> <span class='ocrx_word' id='word_1_124' title='bbox 700 1791 816 1866; x_wconf 92' lang='lat' dir='ltr'><strong>idoneo</strong></span> <span class='ocrx_word' id='word_1_125' title='bbox 840 1802 985 1886; x_wconf 89' lang='lat' dir='ltr'><strong>exemplo</strong></span> <span class='ocrx_word' id='word_1_126' title='bbox 1010 1803 1202 1867; x_wconf 89' lang='lat' dir='ltr'><strong>sententiam</strong></span> <span class='ocrx_word' id='word_1_127' title='bbox 1227 1824 1330 1881; x_wconf 88' lang='lat' dir='ltr'><strong>snam:</strong></span> <span class='ocrx_word' id='word_1_128' title='bbox 1357 1803 1490 1885; x_wconf 79' lang='grc' dir='ltr'><strong><em>πρῶτόν</em></strong></span> 
     </span>
     <span class='ocr_line' id='line_1_15' title="bbox 318 1904 1490 1996; baseline -0.003 -22"><span class='ocrx_word' id='word_1_129' title='bbox 318 1935 369 1987; x_wconf 83' lang='grc' dir='ltr'><strong>τις</strong></span> <span class='ocrx_word' id='word_1_130' title='bbox 392 1909 462 1996; x_wconf 79' lang='grc' dir='ltr'><strong>ἐρᾷ,</strong></span> <span class='ocrx_word' id='word_1_131' title='bbox 485 1904 554 1974; x_wconf 82' lang='grc' dir='ltr'><strong><em>εἶτα</em></strong></span> <span class='ocrx_word' id='word_1_132' title='bbox 578 1909 708 1991; x_wconf 82' lang='grc' dir='ltr'><strong><em>ἐλπίζει,</em></strong></span> <span class='ocrx_word' id='word_1_133' title='bbox 733 1904 803 1974; x_wconf 79' lang='grc' dir='ltr'><strong><em>εἶτα</em></strong></span> <span class='ocrx_word' id='word_1_134' title='bbox 827 1908 980 1995; x_wconf 75' lang='grc' dir='ltr'><strong><em>ένχείρει;</em></strong></span> <span class='ocrx_word' id='word_1_135' title='bbox 1003 1931 1129 1973; x_wconf 85' lang='lat' dir='ltr'><strong>versum</strong></span> <span class='ocrx_word' id='word_1_136' title='bbox 1150 1909 1191 1972; x_wconf 82' lang='grc'><strong>97</strong></span> <span class='ocrx_word' id='word_1_137' title='bbox 1211 1908 1296 1973; x_wconf 90' lang='lat' dir='ltr'><strong>idem</strong></span> <span class='ocrx_word' id='word_1_138' title='bbox 1316 1907 1490 1972; x_wconf 77' lang='lat' dir='ltr'><strong>scholiasta</strong></span> 
     </span>
     <span class='ocr_line' id='line_1_16' title="bbox 318 2012 1490 2102; baseline -0.002 -22"><span class='ocrx_word' id='word_1_139' title='bbox 318 2016 542 2101; x_wconf 83' lang='lat' dir='ltr'><strong>Thucydideus</strong></span> <span class='ocrx_word' id='word_1_140' title='bbox 571 2016 774 2080; x_wconf 90' lang='lat' dir='ltr'><strong>consentiens</strong></span> <span class='ocrx_word' id='word_1_141' title='bbox 802 2037 875 2079; x_wconf 91' lang='lat' dir='ltr'><strong>cum</strong></span> <span class='ocrx_word' id='word_1_142' title='bbox 901 2015 1011 2102; x_wconf 89' lang='lat' dir='ltr'><strong>libris,</strong></span> <span class='ocrx_word' id='word_1_143' title='bbox 1038 2039 1110 2080; x_wconf 91' lang='lat' dir='ltr'><strong>cum</strong></span> <span class='ocrx_word' id='word_1_144' title='bbox 1132 2016 1209 2079; x_wconf 86' lang='lat' dir='ltr'><strong>libri</strong></span> <span class='ocrx_word' id='word_1_145' title='bbox 1231 2014 1397 2079; x_wconf 88' lang='lat' dir='ltr'><strong>Plutarchi</strong></span> <span class='ocrx_word' id='word_1_146' title='bbox 1420 2012 1490 2078; x_wconf 90' lang='lat' dir='ltr'><strong>Ori-</strong></span> 
     </span>
     <span class='ocr_line' id='line_1_17' title="bbox 319 2121 1490 2209; baseline -0.001 -21"><span class='ocrx_word' id='word_1_147' title='bbox 319 2124 409 2209; x_wconf 84' lang='lat' dir='ltr'><strong>genis</strong></span> <span class='ocrx_word' id='word_1_148' title='bbox 438 2121 569 2205; x_wconf 76' lang='lat' dir='ltr'><strong>Stobaei</strong></span> <span class='ocrx_word' id='word_1_149' title='bbox 600 2122 723 2186; x_wconf 86' lang='lat' dir='ltr'><strong>variam</strong></span> <span class='ocrx_word' id='word_1_150' title='bbox 756 2121 928 2186; x_wconf 82' lang='lat' dir='ltr'><strong>exhibeant</strong></span> <span class='ocrx_word' id='word_1_151' title='bbox 960 2123 1130 2188; x_wconf 91' lang='lat' dir='ltr'><strong>lectionem</strong></span> <span class='ocrx_word' id='word_1_152' title='bbox 1162 2122 1353 2186; x_wconf 86' lang='lat' dir='ltr'><strong>deteriorem</strong></span> <span class='ocrx_word' id='word_1_153' title='bbox 1384 2124 1490 2207; x_wconf 80' lang='grc' dir='ltr'><strong><em>ἔμεινε</em></strong></span> 
     </span>
     <span class='ocr_line' id='line_1_18' title="bbox 319 2222 1489 2314; baseline -0.002 -20"><span class='ocrx_word' id='word_1_154' title='bbox 319 2252 378 2314; x_wconf 91' lang='lat' dir='ltr'><strong>pro</strong></span> <span class='ocrx_word' id='word_1_155' title='bbox 406 2232 528 2314; x_wconf 81' lang='grc' dir='ltr'><strong><em>ἔμιμνε.</em></strong></span> <span class='ocrx_word' id='word_1_156' title='bbox 557 2222 610 2275; x_wconf 79' lang='grc'><strong>-’</strong></span> <span class='ocrx_word' id='word_1_157' title='bbox 627 2227 666 2292; x_wconf 91' lang='lat' dir='ltr'><strong>In</strong></span> <span class='ocrx_word' id='word_1_158' title='bbox 692 2251 786 2293; x_wconf 83' lang='lat' dir='ltr'><strong>versu</strong></span> <span class='ocrx_word' id='word_1_159' title='bbox 806 2229 848 2293; x_wconf 85' lang='lat'><strong>98</strong></span> <span class='ocrx_word' id='word_1_160' title='bbox 876 2232 1000 2293; x_wconf 85' lang='lat' dir='ltr'><strong>rectum</strong></span> <span class='ocrx_word' id='word_1_161' title='bbox 1028 2230 1181 2294; x_wconf 85' lang='lat' dir='ltr'><strong>exhibent</strong></span> <span class='ocrx_word' id='word_1_162' title='bbox 1210 2228 1372 2313; x_wconf 82' lang='grc' dir='ltr'><strong><em>έπέμβαλε</em></strong></span> <span class='ocrx_word' id='word_1_163' title='bbox 1394 2228 1489 2293; x_wconf 86' lang='lat' dir='ltr'><strong>Mass.</strong></span> 
     </span>
     <span class='ocr_line' id='line_1_19' title="bbox 319 2333 1490 2422; baseline -0.001 -22"><span class='ocrx_word' id='word_1_164' title='bbox 319 2337 452 2420; x_wconf 89' lang='lat' dir='ltr'><strong>eiusque</strong></span> <span class='ocrx_word' id='word_1_165' title='bbox 475 2337 550 2400; x_wconf 91' lang='lat' dir='ltr'><strong>fam.</strong></span> <span class='ocrx_word' id='word_1_166' title='bbox 574 2340 606 2399; x_wconf 92' lang='lat' dir='ltr'><strong>et</strong></span> <span class='ocrx_word' id='word_1_167' title='bbox 630 2335 727 2421; x_wconf 76' lang='lat' dir='ltr'><strong>[Plut.</strong></span> <span class='ocrx_word' id='word_1_168' title='bbox 748 2335 814 2400; x_wconf 89' lang='lat' dir='ltr'><strong>edd.</strong></span> <span class='ocrx_word' id='word_1_169' title='bbox 834 2335 939 2418; x_wconf 85' lang='lat' dir='ltr'><strong>Wytt.</strong></span> <span class='ocrx_word' id='word_1_170' title='bbox 962 2335 1102 2422; x_wconf 90' lang='lat' dir='ltr'><strong>Duebn.]</strong></span> <span class='ocrx_word' id='word_1_171' title='bbox 1127 2335 1213 2421; x_wconf 83' lang='lat' dir='ltr'><strong>Orig.</strong></span> <span class='ocrx_word' id='word_1_172' title='bbox 1243 2333 1346 2421; x_wconf 81' lang='lat' dir='ltr'><strong>Stob.3</strong></span> <span class='ocrx_word' id='word_1_173' title='bbox 1379 2339 1490 2399; x_wconf 90' lang='lat' dir='ltr'><strong>contra</strong></span> 
     </span>
     <span class='ocr_line' id='line_1_20' title="bbox 319 2440 1489 2530; baseline -0.002 -23"><span class='ocrx_word' id='word_1_174' title='bbox 319 2441 456 2528; x_wconf 80' lang='grc' dir='ltr'><strong><em>ἐπέλαβε</em></strong></span> <span class='ocrx_word' id='word_1_175' title='bbox 483 2442 527 2528; x_wconf 92' lang='lat' dir='ltr'><strong>D,</strong></span> <span class='ocrx_word' id='word_1_176' title='bbox 560 2442 717 2525; x_wconf 77' lang='grc' dir='ltr'><strong><em>ἐπέλλαβε</em></strong></span> <span class='ocrx_word' id='word_1_177' title='bbox 742 2440 765 2505; x_wconf 82' lang='lat' dir='ltr'>C</span> <span class='ocrx_word' id='word_1_178' title='bbox 795 2442 893 2527; x_wconf 88' lang='lat' dir='ltr'><strong>[Plut.</strong></span> <span class='ocrx_word' id='word_1_179' title='bbox 921 2443 967 2507; x_wconf 86' lang='lat' dir='ltr'><strong>ed.</strong></span> <span class='ocrx_word' id='word_1_180' title='bbox 997 2443 1120 2530; x_wconf 71' lang='lat' dir='ltr'><strong>Bernl,</strong></span> <span class='ocrx_word' id='word_1_181' title='bbox 1152 2442 1238 2527; x_wconf 90' lang='lat' dir='ltr'><strong>quod</strong></span> <span class='ocrx_word' id='word_1_182' title='bbox 1265 2446 1350 2507; x_wconf 89' lang='lat' dir='ltr'><strong>caret</strong></span> <span class='ocrx_word' id='word_1_183' title='bbox 1381 2465 1489 2528; x_wconf 72' lang='lat' dir='ltr'><strong>sensu,</strong></span> 
     </span>
     <span class='ocr_line' id='line_1_21' title="bbox 318 2548 1489 2637; baseline -0.003 -22"><span class='ocrx_word' id='word_1_184' title='bbox 318 2551 452 2615; x_wconf 89' lang='lat' dir='ltr'><strong>Proclus</strong></span> <span class='ocrx_word' id='word_1_185' title='bbox 467 2555 499 2614; x_wconf 87' lang='lat' dir='ltr'><strong>et</strong></span> <span class='ocrx_word' id='word_1_186' title='bbox 514 2548 758 2614; x_wconf 75' lang='lat' dir='ltr'><strong>Choeroboscus</strong></span> <span class='ocrx_word' id='word_1_187' title='bbox 774 2548 911 2634; x_wconf 82' lang='grc' dir='ltr'><strong><em>ἐπέβαλε</em></strong></span> <span class='ocrx_word' id='word_1_188' title='bbox 924 2550 1086 2637; x_wconf 85' lang='lat' dir='ltr'><strong>legebant,</strong></span> <span class='ocrx_word' id='word_1_189' title='bbox 1095 2550 1182 2633; x_wconf 92' lang='lat' dir='ltr'><strong>quod</strong></span> <span class='ocrx_word' id='word_1_190' title='bbox 1191 2571 1303 2614; x_wconf 90' lang='lat' dir='ltr'><strong>censeo</strong></span> <span class='ocrx_word' id='word_1_191' title='bbox 1313 2548 1489 2614; x_wconf 84' lang='lat' dir='ltr'><strong>Rzachium</strong></span> 
     </span>
     <span class='ocr_line' id='line_1_22' title="bbox 320 2654 1491 2746; baseline -0.003 -24"><span class='ocrx_word' id='word_1_192' title='bbox 320 2657 368 2746; x_wconf 87' lang='lat' dir='ltr'><strong>(in</strong></span> <span class='ocrx_word' id='word_1_193' title='bbox 391 2658 493 2742; x_wconf 89' lang='lat' dir='ltr'><strong>symb.</strong></span> <span class='ocrx_word' id='word_1_194' title='bbox 516 2656 609 2742; x_wconf 85' lang='lat' dir='ltr'><strong>Prag.</strong></span> <span class='ocrx_word' id='word_1_195' title='bbox 633 2656 674 2721; x_wconf 89' lang='lat' dir='ltr'><strong>ad</strong></span> <span class='ocrx_word' id='word_1_196' title='bbox 696 2654 837 2743; x_wconf 80' lang='lat' dir='ltr'><strong>versum)</strong></span> <span class='ocrx_word' id='word_1_197' title='bbox 872 2660 999 2721; x_wconf 89' lang='lat' dir='ltr'><strong>secutus</strong></span> <span class='ocrx_word' id='word_1_198' title='bbox 1027 2657 1091 2721; x_wconf 92' lang='lat' dir='ltr'><strong>iam</strong></span> <span class='ocrx_word' id='word_1_199' title='bbox 1118 2657 1153 2720; x_wconf 92' lang='lat' dir='ltr'><strong>in</strong></span> <span class='ocrx_word' id='word_1_200' title='bbox 1180 2657 1354 2740; x_wconf 84' lang='lat' dir='ltr'><strong>archetypo</strong></span> <span class='ocrx_word' id='word_1_201' title='bbox 1381 2657 1491 2743; x_wconf 88' lang='lat' dir='ltr'><strong>fuisse,</strong></span> 
     </span>
     <span class='ocr_line' id='line_1_23' title="bbox 319 2762 1488 2849; baseline -0.002 -20"><span class='ocrx_word' id='word_1_202' title='bbox 319 2766 405 2849; x_wconf 90' lang='lat' dir='ltr'><strong>quod</strong></span> <span class='ocrx_word' id='word_1_203' title='bbox 433 2765 490 2848; x_wconf 91' lang='lat' dir='ltr'><strong>qui</strong></span> <span class='ocrx_word' id='word_1_204' title='bbox 516 2768 619 2829; x_wconf 85' lang='lat' dir='ltr'><strong>metro</strong></span> <span class='ocrx_word' id='word_1_205' title='bbox 648 2764 831 2828; x_wconf 87' lang='lat' dir='ltr'><strong>satisfacere</strong></span> <span class='ocrx_word' id='word_1_206' title='bbox 854 2764 1006 2828; x_wconf 89' lang='lat' dir='ltr'><strong>volebant</strong></span> <span class='ocrx_word' id='word_1_207' title='bbox 1029 2768 1236 2828; x_wconf 84' lang='lat' dir='ltr'><strong>mutaverunt</strong></span> <span class='ocrx_word' id='word_1_208' title='bbox 1260 2768 1315 2828; x_wconf 93' lang='lat' dir='ltr'><strong>aut</strong></span> <span class='ocrx_word' id='word_1_209' title='bbox 1340 2764 1375 2827; x_wconf 90' lang='lat' dir='ltr'><strong>in</strong></span> <span class='ocrx_word' id='word_1_210' title='bbox 1398 2762 1488 2828; x_wconf 80' lang='grc' dir='ltr'><strong><em>ἐπέλ-</em></strong></span> 
     </span>
     <span class='ocr_line' id='line_1_24' title="bbox 318 2868 1031 2958; baseline -0.006 -20"><span class='ocrx_word' id='word_1_211' title='bbox 318 2877 407 2958; x_wconf 73' lang='grc' dir='ltr'><strong><em>λαβε,</em></strong></span> <span class='ocrx_word' id='word_1_212' title='bbox 430 2876 486 2936; x_wconf 90' lang='lat' dir='ltr'><strong>aut</strong></span> <span class='ocrx_word' id='word_1_213' title='bbox 510 2871 635 2936; x_wconf 89' lang='lat' dir='ltr'><strong>doctius</strong></span> <span class='ocrx_word' id='word_1_214' title='bbox 659 2870 694 2934; x_wconf 91' lang='lat' dir='ltr'><strong>in</strong></span> <span class='ocrx_word' id='word_1_215' title='bbox 716 2874 840 2935; x_wconf 89' lang='lat' dir='ltr'><strong>rectum</strong></span> <span class='ocrx_word' id='word_1_216' title='bbox 863 2868 1031 2955; x_wconf 84' lang='grc' dir='ltr'><strong><em>έπέμβαλε.</em></strong></span> 
     </span>
    </p>

    <p class='ocr_par' dir='ltr' id='par_1_4' title="bbox 317 2977 1491 4026">
     <span class='ocr_line' id='line_1_25' title="bbox 407 2977 1489 3062; baseline -0.002 -20"><span class='ocrx_word' id='word_1_217' title='bbox 407 2978 545 3043; x_wconf 86' lang='lat' dir='ltr'><strong>Versum</strong></span> <span class='ocrx_word' id='word_1_218' title='bbox 573 2977 615 3041; x_wconf 83' lang='lat'><strong>99</strong></span> <span class='ocrx_word' id='word_1_219' title='bbox 653 2999 748 3062; x_wconf 92' lang='lat' dir='ltr'><strong>quem</strong></span> <span class='ocrx_word' id='word_1_220' title='bbox 784 2977 936 3041; x_wconf 87' lang='lat' dir='ltr'><strong>exhibent</strong></span> <span class='ocrx_word' id='word_1_221' title='bbox 967 2977 1044 3041; x_wconf 89' lang='lat' dir='ltr'><strong>libri</strong></span> <span class='ocrx_word' id='word_1_222' title='bbox 1076 2977 1227 3042; x_wconf 90' lang='lat' dir='ltr'><strong>Hesiodei</strong></span> <span class='ocrx_word' id='word_1_223' title='bbox 1258 2999 1325 3042; x_wconf 93' lang='lat' dir='ltr'><strong>non</strong></span> <span class='ocrx_word' id='word_1_224' title='bbox 1356 2978 1489 3062; x_wconf 82' lang='lat' dir='ltr'><strong>agnovit</strong></span> 
     </span>
     <span class='ocr_line' id='line_1_26' title="bbox 318 3083 1488 3168; baseline -0.002 -19"><span class='ocrx_word' id='word_1_225' title='bbox 318 3084 510 3149; x_wconf 88' lang='lat' dir='ltr'><strong>Plutarchus</strong></span> <span class='ocrx_word' id='word_1_226' title='bbox 527 3087 559 3148; x_wconf 90' lang='lat' dir='ltr'><strong>et</strong></span> <span class='ocrx_word' id='word_1_227' title='bbox 573 3084 691 3147; x_wconf 92' lang='lat' dir='ltr'><strong>mirum</strong></span> <span class='ocrx_word' id='word_1_228' title='bbox 709 3084 744 3146; x_wconf 93' lang='lat' dir='ltr'><strong>in</strong></span> <span class='ocrx_word' id='word_1_229' title='bbox 758 3083 888 3147; x_wconf 91' lang='lat' dir='ltr'><strong>modum</strong></span> <span class='ocrx_word' id='word_1_230' title='bbox 908 3085 1124 3148; x_wconf 86' lang='lat' dir='ltr'><strong>substiterunt</strong></span> <span class='ocrx_word' id='word_1_231' title='bbox 1142 3085 1177 3148; x_wconf 93' lang='lat' dir='ltr'><strong>in</strong></span> <span class='ocrx_word' id='word_1_232' title='bbox 1194 3085 1258 3149; x_wconf 87' lang='lat' dir='ltr'><strong>fine</strong></span> <span class='ocrx_word' id='word_1_233' title='bbox 1271 3083 1488 3168; x_wconf 88' lang='lat' dir='ltr'><strong>praecedentis</strong></span> 
     </span>
     <span class='ocr_line' id='line_1_27' title="bbox 319 3188 1491 3277; baseline -0.002 -22"><span class='ocrx_word' id='word_1_234' title='bbox 319 3196 351 3255; x_wconf 92' lang='lat' dir='ltr'><strong>et</strong></span> <span class='ocrx_word' id='word_1_235' title='bbox 366 3189 524 3256; x_wconf 80' lang='lat' dir='ltr'><strong>Stobaeus</strong></span> <span class='ocrx_word' id='word_1_236' title='bbox 544 3195 576 3253; x_wconf 90' lang='lat' dir='ltr'><strong>et</strong></span> <span class='ocrx_word' id='word_1_237' title='bbox 590 3188 743 3274; x_wconf 83' lang='lat' dir='ltr'><strong>Origenes</strong></span> <span class='ocrx_word' id='word_1_238' title='bbox 753 3190 880 3254; x_wconf 62' lang='lat' dir='ltr'><strong>emisso</strong></span> <span class='ocrx_word' id='word_1_239' title='bbox 899 3213 926 3254; x_wconf 89' lang='lat' dir='ltr'><strong>v.</strong></span> <span class='ocrx_word' id='word_1_240' title='bbox 942 3190 994 3275; x_wconf 82' lang='grc'><strong>99,</strong></span> <span class='ocrx_word' id='word_1_241' title='bbox 1013 3213 1108 3274; x_wconf 91' lang='lat' dir='ltr'><strong>quem</strong></span> <span class='ocrx_word' id='word_1_242' title='bbox 1128 3191 1156 3256; x_wconf 88' lang='lat' dir='ltr'><strong>si</strong></span> <span class='ocrx_word' id='word_1_243' title='bbox 1169 3192 1303 3277; x_wconf 85' lang='lat' dir='ltr'><strong>legisset</strong></span> <span class='ocrx_word' id='word_1_244' title='bbox 1322 3189 1491 3274; x_wconf 83' lang='lat' dir='ltr'><strong>Stobaeus,</strong></span> 
     </span>
     <span class='ocr_line' id='line_1_28' title="bbox 319 3295 1489 3382; baseline -0.002 -20"><span class='ocrx_word' id='word_1_245' title='bbox 319 3298 432 3362; x_wconf 92' lang='lat' dir='ltr'><strong>dubito</strong></span> <span class='ocrx_word' id='word_1_246' title='bbox 466 3319 508 3361; x_wconf 93' lang='lat' dir='ltr'><strong>an</strong></span> <span class='ocrx_word' id='word_1_247' title='bbox 539 3295 706 3361; x_wconf 87' lang='lat' dir='ltr'><strong>additurus</strong></span> <span class='ocrx_word' id='word_1_248' title='bbox 738 3297 836 3360; x_wconf 88' lang='lat' dir='ltr'><strong>fuerit</strong></span> <span class='ocrx_word' id='word_1_249' title='bbox 863 3297 1021 3362; x_wconf 89' lang='lat' dir='ltr'><strong>sententia</strong></span> <span class='ocrx_word' id='word_1_250' title='bbox 1049 3299 1089 3362; x_wconf 86' lang='lat' dir='ltr'><strong>ad</strong></span> <span class='ocrx_word' id='word_1_251' title='bbox 1116 3298 1212 3362; x_wconf 88' lang='lat' dir='ltr'><strong>finem</strong></span> <span class='ocrx_word' id='word_1_252' title='bbox 1235 3299 1396 3382; x_wconf 89' lang='lat' dir='ltr'><strong>perducta,</strong></span> <span class='ocrx_word' id='word_1_253' title='bbox 1420 3295 1489 3361; x_wconf 89' lang='lat' dir='ltr'><strong>Ori-</strong></span> 
     </span>
     <span class='ocr_line' id='line_1_29' title="bbox 318 3403 1490 3492; baseline -0.001 -23"><span class='ocrx_word' id='word_1_254' title='bbox 318 3426 432 3490; x_wconf 84' lang='lat' dir='ltr'><strong>genem</strong></span> <span class='ocrx_word' id='word_1_255' title='bbox 464 3425 539 3468; x_wconf 87' lang='lat' dir='ltr'><strong>vero</strong></span> <span class='ocrx_word' id='word_1_256' title='bbox 564 3403 746 3467; x_wconf 90' lang='lat' dir='ltr'><strong>additurum</strong></span> <span class='ocrx_word' id='word_1_257' title='bbox 775 3403 876 3468; x_wconf 87' lang='lat' dir='ltr'><strong>fuisse</strong></span> <span class='ocrx_word' id='word_1_258' title='bbox 909 3427 1109 3489; x_wconf 88' lang='lat' dir='ltr'><strong>summopere</strong></span> <span class='ocrx_word' id='word_1_259' title='bbox 1146 3406 1317 3492; x_wconf 90' lang='lat' dir='ltr'><strong>contendo,</strong></span> <span class='ocrx_word' id='word_1_260' title='bbox 1346 3427 1418 3469; x_wconf 91' lang='lat' dir='ltr'><strong>cum</strong></span> <span class='ocrx_word' id='word_1_261' title='bbox 1455 3405 1490 3468; x_wconf 93' lang='lat' dir='ltr'><strong>in</strong></span> 
     </span>
     <span class='ocr_line' id='line_1_30' title="bbox 318 3510 1491 3597; baseline 0 -22"><span class='ocrx_word' id='word_1_262' title='bbox 318 3511 431 3595; x_wconf 91' lang='lat' dir='ltr'><strong>primis</strong></span> <span class='ocrx_word' id='word_1_263' title='bbox 465 3514 559 3595; x_wconf 91' lang='lat' dir='ltr'><strong>aptus</strong></span> <span class='ocrx_word' id='word_1_264' title='bbox 593 3511 635 3574; x_wconf 90' lang='lat' dir='ltr'><strong>sit</strong></span> <span class='ocrx_word' id='word_1_265' title='bbox 668 3511 708 3575; x_wconf 87' lang='lat' dir='ltr'><strong>ad</strong></span> <span class='ocrx_word' id='word_1_266' title='bbox 739 3510 986 3575; x_wconf 87' lang='lat' dir='ltr'><strong>demonstranda</strong></span> <span class='ocrx_word' id='word_1_267' title='bbox 1014 3534 1050 3576; x_wconf 90' lang='lat' dir='ltr'><strong>ea</strong></span> <span class='ocrx_word' id='word_1_268' title='bbox 1078 3511 1117 3575; x_wconf 90' lang='lat' dir='ltr'><strong>de</strong></span> <span class='ocrx_word' id='word_1_269' title='bbox 1145 3535 1208 3596; x_wconf 89' lang='lat' dir='ltr'><strong>qua</strong></span> <span class='ocrx_word' id='word_1_270' title='bbox 1236 3513 1304 3597; x_wconf 81' lang='lat' dir='ltr'><strong>agit</strong></span> <span class='ocrx_word' id='word_1_271' title='bbox 1327 3510 1491 3597; x_wconf 79' lang='lat' dir='ltr'><strong>Origenes,</strong></span> 
     </span>
     <span class='ocr_line' id='line_1_31' title="bbox 318 3616 1489 3702; baseline -0.003 -19"><span class='ocrx_word' id='word_1_272' title='bbox 318 3624 431 3701; x_wconf 77' lang='grc' dir='ltr'><strong><em>γελοῖα</em></strong></span> <span class='ocrx_word' id='word_1_273' title='bbox 468 3617 571 3682; x_wconf 88' lang='lat' dir='ltr'><strong>multa</strong></span> <span class='ocrx_word' id='word_1_274' title='bbox 602 3617 700 3682; x_wconf 86' lang='lat' dir='ltr'><strong>etiam</strong></span> <span class='ocrx_word' id='word_1_275' title='bbox 738 3618 822 3702; x_wconf 89' lang='lat' dir='ltr'><strong>apud</strong></span> <span class='ocrx_word' id='word_1_276' title='bbox 853 3617 1031 3682; x_wconf 88' lang='lat' dir='ltr'><strong>Hesiodum</strong></span> <span class='ocrx_word' id='word_1_277' title='bbox 1066 3618 1211 3682; x_wconf 83' lang='lat' dir='ltr'><strong>inveniri.</strong></span> <span class='ocrx_word' id='word_1_278' title='bbox 1266 3617 1380 3702; x_wconf 88' lang='lat' dir='ltr'><strong>Neque</strong></span> <span class='ocrx_word' id='word_1_279' title='bbox 1415 3616 1489 3681; x_wconf 93' lang='lat' dir='ltr'><strong>Plu-</strong></span> 
     </span>
     <span class='ocr_line' id='line_1_32' title="bbox 317 3723 1489 3809; baseline -0.003 -19"><span class='ocrx_word' id='word_1_280' title='bbox 317 3724 449 3790; x_wconf 90' lang='lat' dir='ltr'><strong>tarchus</strong></span> <span class='ocrx_word' id='word_1_281' title='bbox 482 3724 565 3808; x_wconf 92' lang='lat' dir='ltr'><strong>apud</strong></span> <span class='ocrx_word' id='word_1_282' title='bbox 599 3724 750 3789; x_wconf 91' lang='lat' dir='ltr'><strong>Proclum</strong></span> <span class='ocrx_word' id='word_1_283' title='bbox 780 3725 955 3809; x_wconf 90' lang='lat' dir='ltr'><strong>quidquam</strong></span> <span class='ocrx_word' id='word_1_284' title='bbox 990 3725 1028 3789; x_wconf 92' lang='lat' dir='ltr'><strong>de</strong></span> <span class='ocrx_word' id='word_1_285' title='bbox 1060 3729 1186 3789; x_wconf 86' lang='lat' dir='ltr'><strong>mutato</strong></span> <span class='ocrx_word' id='word_1_286' title='bbox 1219 3723 1305 3789; x_wconf 82' lang='lat' dir='ltr'><strong>Iovis</strong></span> <span class='ocrx_word' id='word_1_287' title='bbox 1337 3724 1489 3809; x_wconf 80' lang='lat' dir='ltr'><strong>consili03</strong></span> 
     </span>
     <span class='ocr_line' id='line_1_33' title="bbox 318 3829 1489 3919; baseline -0.004 -21"><span class='ocrx_word' id='word_1_288' title='bbox 318 3837 414 3917; x_wconf 89' lang='lat' dir='ltr'><strong>atque</strong></span> <span class='ocrx_word' id='word_1_289' title='bbox 451 3832 536 3916; x_wconf 89' lang='lat' dir='ltr'><strong>apud</strong></span> <span class='ocrx_word' id='word_1_290' title='bbox 572 3829 866 3919; x_wconf 79' lang='lat' dir='ltr'><strong>Choeroboscum1)</strong></span> <span class='ocrx_word' id='word_1_291' title='bbox 903 3832 1091 3896; x_wconf 89' lang='lat' dir='ltr'><strong>veterrimos</strong></span> <span class='ocrx_word' id='word_1_292' title='bbox 1124 3832 1313 3896; x_wconf 82' lang='lat' dir='ltr'><strong>scholiastes</strong></span> <span class='ocrx_word' id='word_1_293' title='bbox 1350 3831 1489 3895; x_wconf 86' lang='lat' dir='ltr'><strong>vidimus</strong></span> 
     </span>
     <span class='ocr_line' id='line_1_34' title="bbox 317 3936 1488 4026; baseline -0.003 -22"><span class='ocrx_word' id='word_1_294' title='bbox 317 3941 387 4004; x_wconf 90' lang='lat' dir='ltr'><strong>iure</strong></span> <span class='ocrx_word' id='word_1_295' title='bbox 419 3940 593 4004; x_wconf 86' lang='lat' dir='ltr'><strong>admiratos</strong></span> <span class='ocrx_word' id='word_1_296' title='bbox 623 3961 784 4026; x_wconf 81' lang='lat' dir='ltr'><strong>quaerere,</strong></span> <span class='ocrx_word' id='word_1_297' title='bbox 816 3939 872 4023; x_wconf 92' lang='lat' dir='ltr'><strong>qui</strong></span> <span class='ocrx_word' id='word_1_298' title='bbox 903 3938 1025 4003; x_wconf 86' lang='lat' dir='ltr'><strong>facturn</strong></span> <span class='ocrx_word' id='word_1_299' title='bbox 1058 3938 1114 4022; x_wconf 90' lang='lat' dir='ltr'><strong>sit,</strong></span> <span class='ocrx_word' id='word_1_300' title='bbox 1141 3942 1178 4003; x_wconf 90' lang='lat' dir='ltr'><strong>ut</strong></span> <span class='ocrx_word' id='word_1_301' title='bbox 1205 3937 1352 4003; x_wconf 90' lang='lat' dir='ltr'><strong>Pandora</strong></span> <span class='ocrx_word' id='word_1_302' title='bbox 1380 3936 1488 4001; x_wconf 88' lang='lat' dir='ltr'><strong>subito</strong></span> 
     </span>
    </p>
   </div>
   <div class='ocr_carea' id='block_1_3' title="bbox 317 4127 1490 4557">
    <p class='ocr_par' dir='ltr' id='par_1_5' title="bbox 317 4127 1490 4557">
     <span class='ocr_line' id='line_1_35' title="bbox 408 4127 1488 4207; baseline -0.002 -21"><span class='ocrx_word' id='word_1_303' title='bbox 408 4136 434 4203; x_wconf 92' lang='lat'><strong>1)</strong></span> <span class='ocrx_word' id='word_1_304' title='bbox 452 4132 482 4187; x_wconf 92' lang='lat' dir='ltr'><strong>P.</strong></span> <span class='ocrx_word' id='word_1_305' title='bbox 499 4138 557 4186; x_wconf 87' lang='lat'>103.</span> <span class='ocrx_word' id='word_1_306' title='bbox 575 4137 621 4187; x_wconf 79' lang='lat'><strong>15:</strong></span> <span class='ocrx_word' id='word_1_307' title='bbox 639 4141 707 4196; x_wconf 81' lang='grc' dir='ltr'><strong>πῶς</strong></span> <span class='ocrx_word' id='word_1_308' title='bbox 725 4131 848 4187; x_wconf 75' lang='grc' dir='ltr'><strong><em>ἐλθοῦσα</em></strong></span> <span class='ocrx_word' id='word_1_309' title='bbox 867 4127 914 4186; x_wconf 73' lang='grc' dir='ltr'><strong>ἐπὶ</strong></span> <span class='ocrx_word' id='word_1_310' title='bbox 927 4132 1078 4207; x_wconf 76' lang='grc' dir='ltr'><strong><em>κακοποιΐᾳ</em></strong></span> <span class='ocrx_word' id='word_1_311' title='bbox 1093 4127 1233 4202; x_wconf 74' lang='grc' dir='ltr'><strong><em>ἐπέσχεν</em></strong></span> <span class='ocrx_word' id='word_1_312' title='bbox 1248 4130 1355 4200; x_wconf 75' lang='grc' dir='ltr'><strong><em>ὥσπερ</em></strong></span> <span class='ocrx_word' id='word_1_313' title='bbox 1370 4133 1488 4200; x_wconf 80' lang='grc' dir='ltr'><strong><em>φειδο-</em></strong></span> 
     </span>
     <span class='ocr_line' id='line_1_36' title="bbox 317 4218 1489 4294; baseline -0.004 -16"><span class='ocrx_word' id='word_1_314' title='bbox 317 4220 415 4294; x_wconf 61' lang='lat' dir='ltr'><strong>aiom</strong></span> <span class='ocrx_word' id='word_1_315' title='bbox 443 4218 542 4292; x_wconf 75' lang='grc' dir='ltr'><strong><em>βητέον</em></strong></span> <span class='ocrx_word' id='word_1_316' title='bbox 570 4220 660 4290; x_wconf 76' lang='grc' dir='ltr'><strong><em>ὥσπερ</em></strong></span> <span class='ocrx_word' id='word_1_317' title='bbox 688 4218 857 4291; x_wconf 79' lang='grc' dir='ltr'><strong><em>νομίσασα</em></strong></span> <span class='ocrx_word' id='word_1_318' title='bbox 884 4221 995 4276; x_wconf 78' lang='grc' dir='ltr'><strong><em>πάντα</em></strong></span> <span class='ocrx_word' id='word_1_319' title='bbox 1023 4220 1271 4291; x_wconf 71' lang='grc' dir='ltr'><strong><em>ἐξεληλυθέναι</em></strong></span> <span class='ocrx_word' id='word_1_320' title='bbox 1297 4220 1332 4274; x_wconf 81' lang='grc' dir='ltr'><strong>τὰ</strong></span> <span class='ocrx_word' id='word_1_321' title='bbox 1359 4219 1434 4274; x_wconf 83' lang='grc' dir='ltr'><strong><em>κακὰ</em></strong></span> <span class='ocrx_word' id='word_1_322' title='bbox 1457 4219 1489 4273; x_wconf 89' lang='grc' dir='ltr'><strong>τὸ</strong></span> 
     </span>
     <span class='ocr_line' id='line_1_37' title="bbox 318 4307 1489 4384; baseline -0.003 -18"><span class='ocrx_word' id='word_1_323' title='bbox 318 4320 402 4382; x_wconf 83' lang='grc' dir='ltr'><strong><em>πῶμα</em></strong></span> <span class='ocrx_word' id='word_1_324' title='bbox 424 4315 462 4383; x_wconf 77' lang='grc' dir='ltr'><strong>τῷ</strong></span> <span class='ocrx_word' id='word_1_325' title='bbox 480 4307 559 4384; x_wconf 66' lang='grc' dir='ltr'><strong>πίθῳ</strong></span> <span class='ocrx_word' id='word_1_326' title='bbox 578 4307 726 4382; x_wconf 65' lang='lat' dir='ltr'><strong>lucidulam</strong></span> <span class='ocrx_word' id='word_1_327' title='bbox 752 4308 854 4377; x_wconf 89' lang='lat' dir='ltr'><strong>quibus</strong></span> <span class='ocrx_word' id='word_1_328' title='bbox 872 4309 964 4364; x_wconf 89' lang='lat' dir='ltr'><strong>verbis</strong></span> <span class='ocrx_word' id='word_1_329' title='bbox 983 4309 1046 4364; x_wconf 87' lang='lat' dir='ltr'><strong>vide</strong></span> <span class='ocrx_word' id='word_1_330' title='bbox 1064 4313 1202 4378; x_wconf 87' lang='lat' dir='ltr'><strong>quantum</strong></span> <span class='ocrx_word' id='word_1_331' title='bbox 1220 4326 1276 4363; x_wconf 91' lang='lat' dir='ltr'><strong>non</strong></span> <span class='ocrx_word' id='word_1_332' title='bbox 1295 4308 1386 4363; x_wconf 89' lang='lat' dir='ltr'><strong>sciant</strong></span> <span class='ocrx_word' id='word_1_333' title='bbox 1403 4308 1489 4362; x_wconf 88' lang='lat' dir='ltr'><strong>inter·</strong></span> 
     </span>
     <span class='ocr_line' id='line_1_38' title="bbox 317 4396 1490 4470; baseline -0.003 -17"><span class='ocrx_word' id='word_1_334' title='bbox 317 4403 410 4470; x_wconf 85' lang='lat' dir='ltr'><strong>pretes</strong></span> <span class='ocrx_word' id='word_1_335' title='bbox 434 4398 588 4467; x_wconf 83' lang='lat' dir='ltr'><strong>veterrimi,</strong></span> <span class='ocrx_word' id='word_1_336' title='bbox 612 4399 752 4467; x_wconf 90' lang='lat' dir='ltr'><strong>quomodo</strong></span> <span class='ocrx_word' id='word_1_337' title='bbox 773 4414 833 4451; x_wconf 91' lang='lat' dir='ltr'><strong>rem</strong></span> <span class='ocrx_word' id='word_1_338' title='bbox 856 4398 1002 4468; x_wconf 86' lang='lat' dir='ltr'><strong>explicent.</strong></span> <span class='ocrx_word' id='word_1_339' title='bbox 1045 4399 1084 4453; x_wconf 87' lang='lat' dir='ltr'><strong>At</strong></span> <span class='ocrx_word' id='word_1_340' title='bbox 1102 4400 1143 4454; x_wconf 90' lang='lat' dir='ltr'><strong>eis</strong></span> <span class='ocrx_word' id='word_1_341' title='bbox 1165 4399 1269 4452; x_wconf 86' lang='lat' dir='ltr'><strong>frustra</strong></span> <span class='ocrx_word' id='word_1_342' title='bbox 1288 4396 1490 4467; x_wconf 88' lang='lat' dir='ltr'><strong>quaerentibus</strong></span> 
     </span>
     <span class='ocr_line' id='line_1_39' title="bbox 318 4486 1490 4557; baseline -0.003 -16"><span class='ocrx_word' id='word_1_343' title='bbox 318 4487 416 4542; x_wconf 90' lang='lat' dir='ltr'><strong>statim</strong></span> <span class='ocrx_word' id='word_1_344' title='bbox 437 4488 526 4542; x_wconf 85' lang='lat' dir='ltr'><strong>victor</strong></span> <span class='ocrx_word' id='word_1_345' title='bbox 548 4487 706 4556; x_wconf 88' lang='lat' dir='ltr'><strong>respondit,</strong></span> <span class='ocrx_word' id='word_1_346' title='bbox 731 4486 781 4554; x_wconf 90' lang='lat' dir='ltr'><strong>qui</strong></span> <span class='ocrx_word' id='word_1_347' title='bbox 803 4486 875 4557; x_wconf 86' lang='lat' dir='ltr'><strong>legit</strong></span> <span class='ocrx_word' id='word_1_348' title='bbox 891 4489 991 4556; x_wconf 90' lang='lat' dir='ltr'><strong>postea</strong></span> <span class='ocrx_word' id='word_1_349' title='bbox 1010 4487 1139 4542; x_wconf 89' lang='lat' dir='ltr'><strong>additum</strong></span> <span class='ocrx_word' id='word_1_350' title='bbox 1157 4503 1279 4556; x_wconf 83' lang='lat' dir='ltr'><strong>versum,</strong></span> <span class='ocrx_word' id='word_1_351' title='bbox 1297 4486 1352 4556; x_wconf 91' lang='lat' dir='ltr'><strong>(vel</strong></span> <span class='ocrx_word' id='word_1_352' title='bbox 1371 4486 1490 4540; x_wconf 83' lang='lat' dir='ltr'><strong>Choero-</strong></span> 
     </span>
    </p>
   </div>
   <div class='ocr_carea' id='block_1_4' title="bbox 0 0 1700 5178">
    <p class='ocr_par' dir='ltr' id='par_1_6' title="bbox 0 0 1700 5178">
     <span class='ocr_line' id='line_1_40' title="bbox 0 0 1700 5178; baseline 0 0"><span class='ocrx_word' id='word_1_353' title='bbox 0 0 1700 5178; x_wconf 95' lang='lat' dir='ltr'><strong> </strong></span> 
     </span>
    </p>
   </div>
  </div>
 </body>
</html>
