<?xml version="1.0" encoding="UTF-8"?>
<!DOCTYPE html PUBLIC "-//W3C//DTD XHTML 1.0 Transitional//EN"
    "http://www.w3.org/TR/xhtml1/DTD/xhtml1-transitional.dtd">
<html xmlns="http://www.w3.org/1999/xhtml" xml:lang="en" lang="en">
 <head>
  <title>
</title>
<meta http-equiv="Content-Type" content="text/html;charset=utf-8" />
  <meta name='ocr-system' content='tesseract 3.04.00' />
  <meta name='ocr-capabilities' content='ocr_page ocr_carea ocr_par ocr_line ocrx_word'/>
</head>
<body>
  <div class='ocr_page' id='page_1' title='image "./studiahesiodeas01dimigoog_0152.png"; bbox 0 0 3366 5168; ppageno 0'>
   <div class='ocr_carea' id='block_1_1' title="bbox 412 288 1382 365">
    <p class='ocr_par' dir='ltr' id='par_1_1' title="bbox 412 288 1382 365">
     <span class='ocr_line' id='line_1_1' title="bbox 412 288 1382 365; baseline 0.002 -18"><span class='ocrx_word' id='word_1_1' title='bbox 412 290 566 349; x_wconf 82' lang='lat' dir='ltr'>Aristonici</span> <span class='ocrx_word' id='word_1_2' title='bbox 583 294 647 365; x_wconf 78' lang='grc' dir='ltr'>περὶ</span> <span class='ocrx_word' id='word_1_3' title='bbox 666 288 786 363; x_wconf 72' lang='grc' dir='ltr'><strong><em>σημείων</em></strong></span> <span class='ocrx_word' id='word_1_4' title='bbox 803 299 854 347; x_wconf 76' lang='grc' dir='ltr'>τοῦ</span> <span class='ocrx_word' id='word_1_5' title='bbox 869 289 1001 347; x_wconf 76' lang='grc' dir='ltr'><strong><em>Ἡσιόδου</em></strong></span> <span class='ocrx_word' id='word_1_6' title='bbox 1018 291 1186 363; x_wconf 77' lang='lat' dir='ltr'>fragmenta.</span> <span class='ocrx_word' id='word_1_7' title='bbox 1319 293 1382 359; x_wconf 81' lang='grc'>133</span> 
     </span>
    </p>
   </div>
   <div class='ocr_carea' id='block_1_2' title="bbox 206 453 1382 3742">
    <p class='ocr_par' dir='ltr' id='par_1_2' title="bbox 206 453 1382 3742">
     <span class='ocr_line' id='line_1_2' title="bbox 212 453 1382 546; baseline 0 -24"><span class='ocrx_word' id='word_1_8' title='bbox 212 458 297 546; x_wconf 83' lang='lat' dir='ltr'>quit,</span> <span class='ocrx_word' id='word_1_9' title='bbox 318 456 383 522; x_wconf 90' lang='lat' dir='ltr'>nisi</span> <span class='ocrx_word' id='word_1_10' title='bbox 406 477 570 522; x_wconf 82' lang='lat' dir='ltr'><strong>censemus</strong></span> <span class='ocrx_word' id='word_1_11' title='bbox 593 477 633 521; x_wconf 92' lang='lat' dir='ltr'>ne</span> <span class='ocrx_word' id='word_1_12' title='bbox 656 453 918 521; x_wconf 80' lang='lat' dir='ltr'>Ohoeroboscum</span> <span class='ocrx_word' id='word_1_13' title='bbox 941 454 1079 542; x_wconf 85' lang='lat' dir='ltr'>quidem,</span> <span class='ocrx_word' id='word_1_14' title='bbox 1102 455 1159 539; x_wconf 89' lang='lat' dir='ltr'>qui</span> <span class='ocrx_word' id='word_1_15' title='bbox 1181 453 1264 521; x_wconf 89' lang='lat' dir='ltr'>hanc</span> <span class='ocrx_word' id='word_1_16' title='bbox 1287 456 1382 522; x_wconf 86' lang='lat' dir='ltr'>adno-</span> 
     </span>
     <span class='ocr_line' id='line_1_3' title="bbox 211 560 1381 649; baseline -0.001 -19"><span class='ocrx_word' id='word_1_17' title='bbox 211 565 368 630; x_wconf 75' lang='lat' dir='ltr'><strong>tationem</strong></span> <span class='ocrx_word' id='word_1_18' title='bbox 395 586 435 628; x_wconf 87' lang='lat' dir='ltr'>ex</span> <span class='ocrx_word' id='word_1_19' title='bbox 463 563 593 630; x_wconf 79' lang='lat' dir='ltr'>scholiis</span> <span class='ocrx_word' id='word_1_20' title='bbox 616 561 797 627; x_wconf 80' lang='lat' dir='ltr'>veterrimis</span> <span class='ocrx_word' id='word_1_21' title='bbox 821 562 974 649; x_wconf 84' lang='lat' dir='ltr'>servavit,</span> <span class='ocrx_word' id='word_1_22' title='bbox 1001 583 1074 626; x_wconf 88' lang='lat' dir='ltr'>eum</span> <span class='ocrx_word' id='word_1_23' title='bbox 1102 560 1218 647; x_wconf 83' lang='lat' dir='ltr'>legisse</span> <span class='ocrx_word' id='word_1_24' title='bbox 1240 562 1275 627; x_wconf 92' lang='lat' dir='ltr'>in</span> <span class='ocrx_word' id='word_1_25' title='bbox 1297 563 1381 629; x_wconf 89' lang='lat' dir='ltr'>libro</span> 
     </span>
     <span class='ocr_line' id='line_1_4' title="bbox 211 667 1381 758; baseline 0.001 -22"><span class='ocrx_word' id='word_1_26' title='bbox 211 692 284 758; x_wconf 81' lang='lat' dir='ltr'>suo,</span> <span class='ocrx_word' id='word_1_27' title='bbox 310 673 423 736; x_wconf 89' lang='lat' dir='ltr'>contra</span> <span class='ocrx_word' id='word_1_28' title='bbox 450 669 695 756; x_wconf 75' lang='lat' dir='ltr'>explicationem</span> <span class='ocrx_word' id='word_1_29' title='bbox 722 668 825 733; x_wconf 90' lang='lat' dir='ltr'>totius</span> <span class='ocrx_word' id='word_1_30' title='bbox 855 667 932 754; x_wconf 81' lang='lat' dir='ltr'>loci,</span> <span class='ocrx_word' id='word_1_31' title='bbox 959 668 1011 732; x_wconf 91' lang='lat' dir='ltr'>cui</span> <span class='ocrx_word' id='word_1_32' title='bbox 1039 667 1156 732; x_wconf 90' lang='lat' dir='ltr'>lemma</span> <span class='ocrx_word' id='word_1_33' title='bbox 1179 673 1247 734; x_wconf 89' lang='lat' dir='ltr'>erat</span> <span class='ocrx_word' id='word_1_34' title='bbox 1269 692 1381 736; x_wconf 84' lang='lat' dir='ltr'>versus</span> 
     </span>
     <span class='ocr_line' id='line_1_5' title="bbox 214 772 1382 863; baseline 0 -21"><span class='ocrx_word' id='word_1_35' title='bbox 214 777 288 863; x_wconf 81' lang='lat'><strong>169,</strong></span> <span class='ocrx_word' id='word_1_36' title='bbox 310 775 471 840; x_wconf 79' lang='lat' dir='ltr'>invenisse</span> <span class='ocrx_word' id='word_1_37' title='bbox 489 775 524 839; x_wconf 94' lang='lat' dir='ltr'>in</span> <span class='ocrx_word' id='word_1_38' title='bbox 547 774 678 839; x_wconf 82' lang='lat' dir='ltr'>scholiis</span> <span class='ocrx_word' id='word_1_39' title='bbox 701 772 916 860; x_wconf 81' lang='lat' dir='ltr'>veterrimis.¹)</span> <span class='ocrx_word' id='word_1_40' title='bbox 952 773 1071 840; x_wconf 89' lang='lat' dir='ltr'>Parum</span> <span class='ocrx_word' id='word_1_41' title='bbox 1089 795 1164 840; x_wconf 81' lang='lat' dir='ltr'>vero</span> <span class='ocrx_word' id='word_1_42' title='bbox 1183 774 1382 863; x_wconf 79' lang='lat' dir='ltr'>intellegens,</span> 
     </span>
     <span class='ocr_line' id='line_1_6' title="bbox 211 880 1381 968; baseline 0 -19"><span class='ocrx_word' id='word_1_43' title='bbox 211 885 251 949; x_wconf 92' lang='lat' dir='ltr'>ad</span> <span class='ocrx_word' id='word_1_44' title='bbox 283 903 363 967; x_wconf 91' lang='lat' dir='ltr'>quos</span> <span class='ocrx_word' id='word_1_45' title='bbox 390 903 501 947; x_wconf 81' lang='lat' dir='ltr'>versus</span> <span class='ocrx_word' id='word_1_46' title='bbox 528 882 578 946; x_wconf 92' lang='lat' dir='ltr'>sui</span> <span class='ocrx_word' id='word_1_47' title='bbox 606 880 810 966; x_wconf 83' lang='lat' dir='ltr'>exemplaris,</span> <span class='ocrx_word' id='word_1_48' title='bbox 838 882 859 945; x_wconf 91' lang='lat' dir='ltr'>i.</span> <span class='ocrx_word' id='word_1_49' title='bbox 882 902 908 945; x_wconf 91' lang='lat' dir='ltr'>e.</span> <span class='ocrx_word' id='word_1_50' title='bbox 931 880 1020 968; x_wconf 84' lang='lat' dir='ltr'>talis,</span> <span class='ocrx_word' id='word_1_51' title='bbox 1047 881 1140 966; x_wconf 90' lang='lat' dir='ltr'>quale</span> <span class='ocrx_word' id='word_1_52' title='bbox 1167 902 1226 946; x_wconf 92' lang='lat' dir='ltr'>nos</span> <span class='ocrx_word' id='word_1_53' title='bbox 1254 904 1381 967; x_wconf 90' lang='lat' dir='ltr'>quoque</span> 
     </span>
     <span class='ocr_line' id='line_1_7' title="bbox 210 986 1381 1076; baseline -0.001 -20"><span class='ocrx_word' id='word_1_54' title='bbox 210 995 365 1075; x_wconf 84' lang='lat' dir='ltr'>tenemus,</span> <span class='ocrx_word' id='word_1_55' title='bbox 387 992 470 1054; x_wconf 90' lang='lat' dir='ltr'>esset</span> <span class='ocrx_word' id='word_1_56' title='bbox 492 988 659 1054; x_wconf 85' lang='lat' dir='ltr'>adnotatio</span> <span class='ocrx_word' id='word_1_57' title='bbox 683 987 785 1072; x_wconf 90' lang='lat' dir='ltr'>(quod</span> <span class='ocrx_word' id='word_1_58' title='bbox 807 1008 874 1052; x_wconf 90' lang='lat' dir='ltr'>non</span> <span class='ocrx_word' id='word_1_59' title='bbox 896 988 1022 1052; x_wconf 90' lang='lat' dir='ltr'>inerant</span> <span class='ocrx_word' id='word_1_60' title='bbox 1040 986 1190 1076; x_wconf 83' lang='lat' dir='ltr'>versusl),</span> <span class='ocrx_word' id='word_1_61' title='bbox 1213 990 1381 1075; x_wconf 73' lang='lat' dir='ltr'>exscripsit</span> 
     </span>
     <span class='ocr_line' id='line_1_8' title="bbox 210 1092 1381 1180; baseline -0.001 -18"><span class='ocrx_word' id='word_1_62' title='bbox 210 1119 280 1162; x_wconf 90' lang='lat' dir='ltr'>eam</span> <span class='ocrx_word' id='word_1_63' title='bbox 312 1098 438 1160; x_wconf 85' lang='lat' dir='ltr'>servato</span> <span class='ocrx_word' id='word_1_64' title='bbox 470 1098 542 1160; x_wconf 92' lang='lat' dir='ltr'>toto</span> <span class='ocrx_word' id='word_1_65' title='bbox 573 1094 731 1160; x_wconf 89' lang='lat' dir='ltr'>lemmate.</span> <span class='ocrx_word' id='word_1_66' title='bbox 786 1092 856 1171; x_wconf 82' lang='lat' dir='ltr'>Quo</span> <span class='ocrx_word' id='word_1_67' title='bbox 888 1094 1010 1160; x_wconf 88' lang='lat' dir='ltr'>facturn</span> <span class='ocrx_word' id='word_1_68' title='bbox 1041 1098 1106 1180; x_wconf 79' lang='lat' dir='ltr'>est,</span> <span class='ocrx_word' id='word_1_69' title='bbox 1136 1098 1174 1159; x_wconf 88' lang='lat' dir='ltr'>ut</span> <span class='ocrx_word' id='word_1_70' title='bbox 1201 1099 1381 1161; x_wconf 86' lang='lat' dir='ltr'>servaretur</span> 
     </span>
     <span class='ocr_line' id='line_1_9' title="bbox 210 1200 1381 1288; baseline -0.001 -19"><span class='ocrx_word' id='word_1_71' title='bbox 210 1226 293 1269; x_wconf 90' lang='lat' dir='ltr'>unus</span> <span class='ocrx_word' id='word_1_72' title='bbox 316 1224 439 1268; x_wconf 86' lang='lat' dir='ltr'>conexu</span> <span class='ocrx_word' id='word_1_73' title='bbox 462 1202 595 1268; x_wconf 89' lang='lat' dir='ltr'>orbatus</span> <span class='ocrx_word' id='word_1_74' title='bbox 618 1224 739 1288; x_wconf 79' lang='lat' dir='ltr'>versus,</span> <span class='ocrx_word' id='word_1_75' title='bbox 762 1203 818 1286; x_wconf 91' lang='lat' dir='ltr'>qui</span> <span class='ocrx_word' id='word_1_76' title='bbox 840 1223 925 1266; x_wconf 92' lang='lat' dir='ltr'>nunc</span> <span class='ocrx_word' id='word_1_77' title='bbox 948 1204 1135 1267; x_wconf 88' lang='lat' dir='ltr'>numeretur</span> <span class='ocrx_word' id='word_1_78' title='bbox 1153 1201 1224 1267; x_wconf 86' lang='grc'><strong>169.</strong></span> <span class='ocrx_word' id='word_1_79' title='bbox 1272 1200 1381 1288; x_wconf 83' lang='lat' dir='ltr'>Sequi·</span> 
     </span>
     <span class='ocr_line' id='line_1_10' title="bbox 209 1305 1381 1397; baseline -0.001 -21"><span class='ocrx_word' id='word_1_80' title='bbox 209 1315 277 1397; x_wconf 84' lang='lat' dir='ltr'>tur,</span> <span class='ocrx_word' id='word_1_81' title='bbox 309 1310 341 1375; x_wconf 90' lang='lat' dir='ltr'>id</span> <span class='ocrx_word' id='word_1_82' title='bbox 371 1310 458 1394; x_wconf 89' lang='lat' dir='ltr'>quod</span> <span class='ocrx_word' id='word_1_83' title='bbox 485 1313 534 1375; x_wconf 92' lang='lat' dir='ltr'>est</span> <span class='ocrx_word' id='word_1_84' title='bbox 562 1309 802 1397; x_wconf 83' lang='lat' dir='ltr'>gravissimum,</span> <span class='ocrx_word' id='word_1_85' title='bbox 829 1311 867 1373; x_wconf 94' lang='lat' dir='ltr'>ut</span> <span class='ocrx_word' id='word_1_86' title='bbox 896 1305 1120 1373; x_wconf 82' lang='lat' dir='ltr'>Ohoerobosco</span> <span class='ocrx_word' id='word_1_87' title='bbox 1148 1307 1257 1374; x_wconf 90' lang='lat' dir='ltr'>eadem</span> <span class='ocrx_word' id='word_1_88' title='bbox 1285 1313 1381 1393; x_wconf 89' lang='lat' dir='ltr'>atque</span> 
     </span>
     <span class='ocr_line' id='line_1_11' title="bbox 209 1413 1381 1501; baseline -0.002 -19"><span class='ocrx_word' id='word_1_89' title='bbox 209 1416 305 1484; x_wconf 90' lang='lat' dir='ltr'>nobis</span> <span class='ocrx_word' id='word_1_90' title='bbox 327 1417 424 1482; x_wconf 84' lang='lat' dir='ltr'>fuerit</span> <span class='ocrx_word' id='word_1_91' title='bbox 447 1421 575 1501; x_wconf 91' lang='lat' dir='ltr'>praesto</span> <span class='ocrx_word' id='word_1_92' title='bbox 598 1416 749 1481; x_wconf 81' lang='lat' dir='ltr'>recensio.</span> <span class='ocrx_word' id='word_1_93' title='bbox 795 1413 896 1480; x_wconf 90' lang='lat' dir='ltr'>Porro</span> <span class='ocrx_word' id='word_1_94' title='bbox 918 1436 986 1480; x_wconf 93' lang='lat' dir='ltr'>non</span> <span class='ocrx_word' id='word_1_95' title='bbox 1008 1418 1056 1479; x_wconf 91' lang='lat' dir='ltr'>est</span> <span class='ocrx_word' id='word_1_96' title='bbox 1078 1414 1199 1480; x_wconf 89' lang='lat' dir='ltr'>nullius</span> <span class='ocrx_word' id='word_1_97' title='bbox 1221 1415 1381 1500; x_wconf 83' lang='lat' dir='ltr'>ponderis,</span> 
     </span>
     <span class='ocr_line' id='line_1_12' title="bbox 209 1520 1381 1608; baseline 0 -20"><span class='ocrx_word' id='word_1_98' title='bbox 209 1525 243 1588; x_wconf 92' lang='lat' dir='ltr'>id</span> <span class='ocrx_word' id='word_1_99' title='bbox 266 1523 352 1608; x_wconf 91' lang='lat' dir='ltr'>quod</span> <span class='ocrx_word' id='word_1_100' title='bbox 373 1523 469 1588; x_wconf 91' lang='lat' dir='ltr'>huius</span> <span class='ocrx_word' id='word_1_101' title='bbox 488 1523 562 1588; x_wconf 90' lang='lat' dir='ltr'>diss.</span> <span class='ocrx_word' id='word_1_102' title='bbox 575 1520 667 1608; x_wconf 83' lang='lat' dir='ltr'><strong>IV,6</strong></span> <span class='ocrx_word' id='word_1_103' title='bbox 687 1523 748 1587; x_wconf 93' lang='lat' dir='ltr'>erit</span> <span class='ocrx_word' id='word_1_104' title='bbox 766 1522 860 1588; x_wconf 92' lang='lat' dir='ltr'>nobis</span> <span class='ocrx_word' id='word_1_105' title='bbox 884 1521 1027 1587; x_wconf 90' lang='lat' dir='ltr'>subsidio</span> <span class='ocrx_word' id='word_1_106' title='bbox 1051 1522 1245 1588; x_wconf 84' lang='lat' dir='ltr'>recensionis</span> <span class='ocrx_word' id='word_1_107' title='bbox 1264 1524 1381 1588; x_wconf 91' lang='lat' dir='ltr'>utrius-</span> 
     </span>
     <span class='ocr_line' id='line_1_13' title="bbox 210 1628 1381 1717; baseline -0.001 -22"><span class='ocrx_word' id='word_1_108' title='bbox 210 1653 272 1716; x_wconf 86' lang='lat' dir='ltr'>que</span> <span class='ocrx_word' id='word_1_109' title='bbox 281 1629 400 1716; x_wconf 86' lang='lat' dir='ltr'>origini</span> <span class='ocrx_word' id='word_1_110' title='bbox 414 1630 661 1717; x_wconf 86' lang='lat' dir='ltr'>cognoscendae,</span> <span class='ocrx_word' id='word_1_111' title='bbox 672 1628 758 1714; x_wconf 90' lang='lat' dir='ltr'>quod</span> <span class='ocrx_word' id='word_1_112' title='bbox 768 1629 847 1694; x_wconf 90' lang='lat' dir='ltr'>haec</span> <span class='ocrx_word' id='word_1_113' title='bbox 855 1628 956 1693; x_wconf 89' lang='lat' dir='ltr'>litura</span> <span class='ocrx_word' id='word_1_114' title='bbox 964 1650 1116 1694; x_wconf 82' lang='lat' dir='ltr'>versuum</span> <span class='ocrx_word' id='word_1_115' title='bbox 1126 1628 1166 1693; x_wconf 92' lang='lat' dir='ltr'>ab</span> <span class='ocrx_word' id='word_1_116' title='bbox 1181 1628 1270 1694; x_wconf 91' lang='lat' dir='ltr'>aliis</span> <span class='ocrx_word' id='word_1_117' title='bbox 1284 1632 1381 1714; x_wconf 90' lang='lat' dir='ltr'>atque</span> 
     </span>
     <span class='ocr_line' id='line_1_14' title="bbox 209 1735 1381 1823; baseline -0.001 -21"><span class='ocrx_word' id='word_1_118' title='bbox 209 1736 399 1802; x_wconf 76' lang='lat' dir='ltr'>Aristarcho</span> <span class='ocrx_word' id='word_1_119' title='bbox 408 1737 495 1802; x_wconf 87' lang='lat' dir='ltr'>facta</span> <span class='ocrx_word' id='word_1_120' title='bbox 504 1741 562 1823; x_wconf 85' lang='lat' dir='ltr'>est,</span> <span class='ocrx_word' id='word_1_121' title='bbox 571 1736 662 1801; x_wconf 92' lang='lat' dir='ltr'>cuius</span> <span class='ocrx_word' id='word_1_122' title='bbox 671 1756 747 1821; x_wconf 90' lang='lat' dir='ltr'>ergo</span> <span class='ocrx_word' id='word_1_123' title='bbox 757 1736 819 1800; x_wconf 92' lang='lat' dir='ltr'>hoc</span> <span class='ocrx_word' id='word_1_124' title='bbox 831 1735 904 1801; x_wconf 90' lang='lat' dir='ltr'>loco</span> <span class='ocrx_word' id='word_1_125' title='bbox 913 1735 1085 1800; x_wconf 84' lang='lat' dir='ltr'>manifesto</span> <span class='ocrx_word' id='word_1_126' title='bbox 1095 1736 1188 1822; x_wconf 89' lang='lat' dir='ltr'>signa</span> <span class='ocrx_word' id='word_1_127' title='bbox 1201 1757 1277 1801; x_wconf 95' lang='lat' dir='ltr'>non</span> <span class='ocrx_word' id='word_1_128' title='bbox 1291 1740 1381 1802; x_wconf 89' lang='lat' dir='ltr'>erant</span> 
     </span>
     <span class='ocr_line' id='line_1_15' title="bbox 210 1839 1380 1930; baseline -0.001 -21"><span class='ocrx_word' id='word_1_129' title='bbox 210 1844 370 1930; x_wconf 90' lang='lat' dir='ltr'>apposita;</span> <span class='ocrx_word' id='word_1_130' title='bbox 392 1843 518 1909; x_wconf 92' lang='lat' dir='ltr'>nullum</span> <span class='ocrx_word' id='word_1_131' title='bbox 540 1844 641 1929; x_wconf 87' lang='lat' dir='ltr'>igitur</span> <span class='ocrx_word' id='word_1_132' title='bbox 663 1843 880 1927; x_wconf 78' lang='lat' dir='ltr'>fragmentum</span> <span class='ocrx_word' id='word_1_133' title='bbox 892 1839 1070 1906; x_wconf 80' lang='lat' dir='ltr'>Aristonici</span> <span class='ocrx_word' id='word_1_134' title='bbox 1088 1842 1195 1927; x_wconf 91' lang='lat' dir='ltr'>operis</span> <span class='ocrx_word' id='word_1_135' title='bbox 1214 1847 1380 1928; x_wconf 83' lang='lat' dir='ltr'>exspecta·</span> 
     </span>
     <span class='ocr_line' id='line_1_16' title="bbox 209 1947 1380 2035; baseline -0.001 -19"><span class='ocrx_word' id='word_1_136' title='bbox 209 1951 303 2016; x_wconf 85' lang='lat' dir='ltr'>veris.</span> <span class='ocrx_word' id='word_1_137' title='bbox 338 1948 517 2015; x_wconf 87' lang='lat' dir='ltr'>Adnotatio</span> <span class='ocrx_word' id='word_1_138' title='bbox 540 1950 618 2014; x_wconf 90' lang='lat' dir='ltr'>haec</span> <span class='ocrx_word' id='word_1_139' title='bbox 640 1949 750 2034; x_wconf 87' lang='lat' dir='ltr'>potius</span> <span class='ocrx_word' id='word_1_140' title='bbox 774 1970 813 2013; x_wconf 87' lang='lat' dir='ltr'>ex</span> <span class='ocrx_word' id='word_1_141' title='bbox 831 1948 888 2014; x_wconf 92' lang='lat' dir='ltr'>illo</span> <span class='ocrx_word' id='word_1_142' title='bbox 908 1970 1004 2032; x_wconf 88' lang='lat' dir='ltr'>opere</span> <span class='ocrx_word' id='word_1_143' title='bbox 1022 1947 1126 2033; x_wconf 84' lang='lat' dir='ltr'>fluxit,</span> <span class='ocrx_word' id='word_1_144' title='bbox 1145 1971 1184 2014; x_wconf 88' lang='lat' dir='ltr'>ex</span> <span class='ocrx_word' id='word_1_145' title='bbox 1204 1971 1268 2035; x_wconf 94' lang='lat' dir='ltr'>quo</span> <span class='ocrx_word' id='word_1_146' title='bbox 1287 1951 1380 2015; x_wconf 92' lang='lat' dir='ltr'>scho-</span> 
     </span>
     <span class='ocr_line' id='line_1_17' title="bbox 208 2054 1381 2142; baseline -0.001 -20"><span class='ocrx_word' id='word_1_147' title='bbox 208 2057 321 2122; x_wconf 90' lang='lat' dir='ltr'>liastae</span> <span class='ocrx_word' id='word_1_148' title='bbox 343 2056 506 2122; x_wconf 83' lang='lat' dir='ltr'>veterrimi</span> <span class='ocrx_word' id='word_1_149' title='bbox 528 2055 720 2121; x_wconf 78' lang='lat' dir='ltr'>hauriebant</span> <span class='ocrx_word' id='word_1_150' title='bbox 739 2055 915 2120; x_wconf 89' lang='lat' dir='ltr'>sententias</span> <span class='ocrx_word' id='word_1_151' title='bbox 934 2054 1071 2120; x_wconf 88' lang='lat' dir='ltr'>aliorum</span> <span class='ocrx_word' id='word_1_152' title='bbox 1089 2056 1381 2142; x_wconf 82' lang='lat' dir='ltr'>grammaticorum,</span> 
     </span>
     <span class='ocr_line' id='line_1_18' title="bbox 209 2159 1380 2248; baseline -0.001 -19"><span class='ocrx_word' id='word_1_153' title='bbox 209 2187 226 2229; x_wconf 91' lang='lat' dir='ltr'>e</span> <span class='ocrx_word' id='word_1_154' title='bbox 257 2163 486 2229; x_wconf 81' lang='lat' dir='ltr'>commentario</span> <span class='ocrx_word' id='word_1_155' title='bbox 518 2161 686 2247; x_wconf 89' lang='lat' dir='ltr'>Didymeo.</span> <span class='ocrx_word' id='word_1_156' title='bbox 719 2200 761 2209; x_wconf 95' lang='lat'>—</span> <span class='ocrx_word' id='word_1_157' title='bbox 793 2159 972 2227; x_wconf 77' lang='lat' dir='ltr'>Aristonici</span> <span class='ocrx_word' id='word_1_158' title='bbox 1003 2161 1131 2227; x_wconf 81' lang='lat' dir='ltr'>videtur</span> <span class='ocrx_word' id='word_1_159' title='bbox 1162 2162 1380 2248; x_wconf 81' lang='lat' dir='ltr'>fragmentum</span> 
     </span>
     <span class='ocr_line' id='line_1_19' title="bbox 208 2266 1381 2356; baseline -0.001 -20"><span class='ocrx_word' id='word_1_160' title='bbox 208 2293 277 2336; x_wconf 89' lang='lat' dir='ltr'>esse</span> <span class='ocrx_word' id='word_1_161' title='bbox 310 2270 348 2335; x_wconf 92' lang='lat' dir='ltr'>de</span> <span class='ocrx_word' id='word_1_162' title='bbox 379 2269 536 2336; x_wconf 84' lang='lat' dir='ltr'>vocabulo</span> <span class='ocrx_word' id='word_1_163' title='bbox 569 2271 679 2336; x_wconf 75' lang='grc' dir='ltr'><strong><em>ἔπειτα</em></strong></span> <span class='ocrx_word' id='word_1_164' title='bbox 711 2269 747 2334; x_wconf 91' lang='lat' dir='ltr'>in</span> <span class='ocrx_word' id='word_1_165' title='bbox 778 2266 997 2335; x_wconf 77' lang='lat' dir='ltr'>Choerobosci</span> <span class='ocrx_word' id='word_1_166' title='bbox 1029 2268 1153 2334; x_wconf 90' lang='lat' dir='ltr'>scholio</span> <span class='ocrx_word' id='word_1_167' title='bbox 1181 2270 1221 2334; x_wconf 91' lang='lat' dir='ltr'>ad</span> <span class='ocrx_word' id='word_1_168' title='bbox 1247 2292 1276 2335; x_wconf 83' lang='lat' dir='ltr'>v.</span> <span class='ocrx_word' id='word_1_169' title='bbox 1307 2269 1381 2356; x_wconf 76' lang='lat'><strong>175,</strong></span> 
     </span>
     <span class='ocr_line' id='line_1_20' title="bbox 207 2374 1380 2464; baseline 0.001 -23"><span class='ocrx_word' id='word_1_170' title='bbox 207 2401 237 2461; x_wconf 91' lang='lat' dir='ltr'>p.</span> <span class='ocrx_word' id='word_1_171' title='bbox 254 2377 328 2464; x_wconf 79' lang='lat'>144,</span> <span class='ocrx_word' id='word_1_172' title='bbox 342 2377 370 2441; x_wconf 88' lang='lat'>9.</span> <span class='ocrx_word' id='word_1_173' title='bbox 416 2375 624 2442; x_wconf 82' lang='lat' dir='ltr'>Aristarchus</span> <span class='ocrx_word' id='word_1_174' title='bbox 652 2376 720 2442; x_wconf 90' lang='lat' dir='ltr'>sine</span> <span class='ocrx_word' id='word_1_175' title='bbox 749 2376 847 2441; x_wconf 91' lang='lat' dir='ltr'>dubio</span> <span class='ocrx_word' id='word_1_176' title='bbox 876 2374 916 2439; x_wconf 90' lang='lat' dir='ltr'>ad</span> <span class='ocrx_word' id='word_1_177' title='bbox 942 2375 1028 2441; x_wconf 92' lang='lat' dir='ltr'>hunc</span> <span class='ocrx_word' id='word_1_178' title='bbox 1056 2397 1184 2440; x_wconf 88' lang='lat' dir='ltr'>versum</span> <span class='ocrx_word' id='word_1_179' title='bbox 1206 2376 1318 2442; x_wconf 90' lang='lat' dir='ltr'>multis</span> <span class='ocrx_word' id='word_1_180' title='bbox 1341 2376 1380 2442; x_wconf 92' lang='lat' dir='ltr'>de</span> 
     </span>
     <span class='ocr_line' id='line_1_21' title="bbox 209 2481 1379 2570; baseline -0.001 -22"><span class='ocrx_word' id='word_1_181' title='bbox 209 2485 314 2549; x_wconf 87' lang='lat' dir='ltr'>causis</span> <span class='ocrx_word' id='word_1_182' title='bbox 337 2484 471 2570; x_wconf 88' lang='lat' dir='ltr'>dignum</span> <span class='ocrx_word' id='word_1_183' title='bbox 494 2486 641 2548; x_wconf 91' lang='lat' dir='ltr'>accurata</span> <span class='ocrx_word' id='word_1_184' title='bbox 663 2482 930 2567; x_wconf 89' lang='lat' dir='ltr'>interpretatione</span> <span class='ocrx_word' id='word_1_185' title='bbox 952 2481 1063 2565; x_wconf 87' lang='lat' dir='ltr'>posuit</span> <span class='ocrx_word' id='word_1_186' title='bbox 1086 2482 1204 2568; x_wconf 82' lang='lat' dir='ltr'>diplen‚</span> <span class='ocrx_word' id='word_1_187' title='bbox 1230 2481 1264 2547; x_wconf 89' lang='lat' dir='ltr'>id</span> <span class='ocrx_word' id='word_1_188' title='bbox 1285 2484 1379 2567; x_wconf 87' lang='lat' dir='ltr'>quod,</span> 
     </span>
     <span class='ocr_line' id='line_1_22' title="bbox 208 2587 1378 2674; baseline -0.001 -19"><span class='ocrx_word' id='word_1_189' title='bbox 208 2613 281 2655; x_wconf 88' lang='lat' dir='ltr'>curn</span> <span class='ocrx_word' id='word_1_190' title='bbox 309 2612 348 2654; x_wconf 86' lang='lat' dir='ltr'>ex</span> <span class='ocrx_word' id='word_1_191' title='bbox 377 2588 555 2655; x_wconf 83' lang='lat' dir='ltr'>Aristonici</span> <span class='ocrx_word' id='word_1_192' title='bbox 582 2588 807 2674; x_wconf 86' lang='lat' dir='ltr'>explicatione,</span> <span class='ocrx_word' id='word_1_193' title='bbox 836 2589 892 2673; x_wconf 89' lang='lat' dir='ltr'>qui</span> <span class='ocrx_word' id='word_1_194' title='bbox 914 2587 1108 2653; x_wconf 84' lang='lat' dir='ltr'>vocabulum</span> <span class='ocrx_word' id='word_1_195' title='bbox 1131 2591 1243 2654; x_wconf 76' lang='grc' dir='ltr'><strong><em>ἔπειτα</em></strong></span> <span class='ocrx_word' id='word_1_196' title='bbox 1261 2588 1378 2654; x_wconf 86' lang='lat' dir='ltr'>dixerit</span> 
     </span>
     <span class='ocr_line' id='line_1_23' title="bbox 208 2693 1377 2783; baseline -0.001 -21"><span class='ocrx_word' id='word_1_197' title='bbox 208 2700 381 2783; x_wconf 80' lang='grc' dir='ltr'><strong><em>περισσόν,</em></strong></span> <span class='ocrx_word' id='word_1_198' title='bbox 412 2699 576 2780; x_wconf 87' lang='lat' dir='ltr'>exspectes</span> <span class='ocrx_word' id='word_1_199' title='bbox 603 2695 747 2781; x_wconf 84' lang='lat' dir='ltr'>obelum,</span> <span class='ocrx_word' id='word_1_200' title='bbox 777 2695 934 2779; x_wconf 90' lang='lat' dir='ltr'>probatur</span> <span class='ocrx_word' id='word_1_201' title='bbox 961 2693 1119 2779; x_wconf 86' lang='lat' dir='ltr'>Didymeo</span> <span class='ocrx_word' id='word_1_202' title='bbox 1148 2695 1377 2761; x_wconf 86' lang='lat' dir='ltr'>commentario</span> 
     </span>
     <span class='ocr_line' id='line_1_24' title="bbox 208 2800 1378 2890; baseline -0.001 -23"><span class='ocrx_word' id='word_1_203' title='bbox 208 2802 262 2890; x_wconf 80' lang='lat' dir='ltr'>(cf.</span> <span class='ocrx_word' id='word_1_204' title='bbox 285 2800 398 2889; x_wconf 82' lang='lat' dir='ltr'>infra),</span> <span class='ocrx_word' id='word_1_205' title='bbox 424 2802 481 2866; x_wconf 93' lang='lat' dir='ltr'>ubi</span> <span class='ocrx_word' id='word_1_206' title='bbox 509 2803 547 2866; x_wconf 91' lang='lat' dir='ltr'>de</span> <span class='ocrx_word' id='word_1_207' title='bbox 573 2824 669 2867; x_wconf 84' lang='lat' dir='ltr'>versu</span> <span class='ocrx_word' id='word_1_208' title='bbox 696 2806 746 2867; x_wconf 90' lang='lat' dir='ltr'>est</span> <span class='ocrx_word' id='word_1_209' title='bbox 772 2805 811 2866; x_wconf 90' lang='lat' dir='ltr'>ut</span> <span class='ocrx_word' id='word_1_210' title='bbox 837 2801 875 2866; x_wconf 92' lang='lat' dir='ltr'>de</span> <span class='ocrx_word' id='word_1_211' title='bbox 902 2801 1043 2887; x_wconf 92' lang='lat' dir='ltr'>genuino</span> <span class='ocrx_word' id='word_1_212' title='bbox 1071 2801 1280 2886; x_wconf 84' lang='lat' dir='ltr'>disputatum</span> <span class='ocrx_word' id='word_1_213' title='bbox 1329 2801 1378 2866; x_wconf 91' lang='lat' dir='ltr'>De</span> 
     </span>
     <span class='ocr_line' id='line_1_25' title="bbox 209 2906 1238 2994; baseline -0.001 -21"><span class='ocrx_word' id='word_1_214' title='bbox 209 2910 334 2974; x_wconf 90' lang='lat' dir='ltr'>ratione</span> <span class='ocrx_word' id='word_1_215' title='bbox 357 2908 556 2975; x_wconf 89' lang='lat' dir='ltr'>Aristarchei</span> <span class='ocrx_word' id='word_1_216' title='bbox 580 2909 665 2994; x_wconf 88' lang='lat' dir='ltr'>signi</span> <span class='ocrx_word' id='word_1_217' title='bbox 688 2909 726 2975; x_wconf 89' lang='lat' dir='ltr'>cf.</span> <span class='ocrx_word' id='word_1_218' title='bbox 749 2909 846 2974; x_wconf 88' lang='lat' dir='ltr'>huius</span> <span class='ocrx_word' id='word_1_219' title='bbox 870 2908 1106 2974; x_wconf 87' lang='lat' dir='ltr'>dissertationis</span> <span class='ocrx_word' id='word_1_220' title='bbox 1129 2906 1186 2993; x_wconf 81' lang='lat' dir='ltr'>IV,</span> <span class='ocrx_word' id='word_1_221' title='bbox 1208 2908 1238 2973; x_wconf 83' lang='lat'>5.</span> 
     </span>
     <span class='ocr_line' id='line_1_26' title="bbox 298 3014 1377 3104; baseline -0.001 -23"><span class='ocrx_word' id='word_1_222' title='bbox 298 3014 450 3100; x_wconf 84' lang='lat' dir='ltr'>Sequitur</span> <span class='ocrx_word' id='word_1_223' title='bbox 472 3016 689 3104; x_wconf 83' lang='lat' dir='ltr'>fragmentum</span> <span class='ocrx_word' id='word_1_224' title='bbox 712 3015 891 3082; x_wconf 83' lang='lat' dir='ltr'>Aristonici</span> <span class='ocrx_word' id='word_1_225' title='bbox 914 3015 954 3080; x_wconf 89' lang='lat' dir='ltr'>ad</span> <span class='ocrx_word' id='word_1_226' title='bbox 976 3039 1004 3081; x_wconf 81' lang='lat' dir='ltr'>v.</span> <span class='ocrx_word' id='word_1_227' title='bbox 1026 3016 1089 3081; x_wconf 84' lang='lat'>189</span> <span class='ocrx_word' id='word_1_228' title='bbox 1113 3014 1282 3080; x_wconf 85' lang='lat' dir='ltr'>aFlachio</span> <span class='ocrx_word' id='word_1_229' title='bbox 1301 3037 1377 3100; x_wconf 90' lang='lat' dir='ltr'>quo·</span> 
     </span>
     <span class='ocr_line' id='line_1_27' title="bbox 208 3119 1377 3209; baseline -0.001 -22"><span class='ocrx_word' id='word_1_230' title='bbox 208 3145 269 3207; x_wconf 92' lang='lat' dir='ltr'>que</span> <span class='ocrx_word' id='word_1_231' title='bbox 296 3146 326 3207; x_wconf 90' lang='lat' dir='ltr'>p.</span> <span class='ocrx_word' id='word_1_232' title='bbox 349 3122 414 3188; x_wconf 84' lang='lat'>438</span> <span class='ocrx_word' id='word_1_233' title='bbox 443 3128 634 3208; x_wconf 88' lang='lat' dir='ltr'>usurpatum</span> <span class='ocrx_word' id='word_1_234' title='bbox 668 3146 685 3188; x_wconf 92' lang='lat' dir='ltr'>e</span> <span class='ocrx_word' id='word_1_235' title='bbox 713 3123 834 3189; x_wconf 90' lang='lat' dir='ltr'>scholio</span> <span class='ocrx_word' id='word_1_236' title='bbox 863 3121 1080 3188; x_wconf 80' lang='lat' dir='ltr'>Ohoerobosci</span> <span class='ocrx_word' id='word_1_237' title='bbox 1110 3144 1140 3206; x_wconf 91' lang='lat' dir='ltr'>p.</span> <span class='ocrx_word' id='word_1_238' title='bbox 1161 3121 1234 3209; x_wconf 84' lang='lat'><strong>146,</strong></span> <span class='ocrx_word' id='word_1_239' title='bbox 1253 3121 1295 3186; x_wconf 77' lang='lat'>26</span> <span class='ocrx_word' id='word_1_240' title='bbox 1324 3119 1377 3208; x_wconf 84' lang='lat' dir='ltr'>(cf.</span> 
     </span>
     <span class='ocr_line' id='line_1_28' title="bbox 207 3225 1379 3315; baseline -0.001 -22"><span class='ocrx_word' id='word_1_241' title='bbox 207 3229 303 3294; x_wconf 90' lang='lat' dir='ltr'>huius</span> <span class='ocrx_word' id='word_1_242' title='bbox 326 3229 400 3294; x_wconf 89' lang='lat' dir='ltr'>diss.</span> <span class='ocrx_word' id='word_1_243' title='bbox 420 3228 476 3315; x_wconf 83' lang='lat' dir='ltr'>IV,</span> <span class='ocrx_word' id='word_1_244' title='bbox 494 3229 516 3293; x_wconf 90' lang='grc'>4</span> <span class='ocrx_word' id='word_1_245' title='bbox 539 3233 572 3293; x_wconf 92' lang='lat' dir='ltr'>et</span> <span class='ocrx_word' id='word_1_246' title='bbox 589 3227 645 3313; x_wconf 88' lang='lat' dir='ltr'>IV,</span> <span class='ocrx_word' id='word_1_247' title='bbox 659 3227 704 3315; x_wconf 82' lang='lat'>5),</span> <span class='ocrx_word' id='word_1_248' title='bbox 724 3227 809 3314; x_wconf 90' lang='lat' dir='ltr'>quod</span> <span class='ocrx_word' id='word_1_249' title='bbox 827 3232 913 3294; x_wconf 89' lang='lat' dir='ltr'>recte</span> <span class='ocrx_word' id='word_1_250' title='bbox 930 3249 1009 3294; x_wconf 91' lang='lat' dir='ltr'>num</span> <span class='ocrx_word' id='word_1_251' title='bbox 1027 3227 1201 3293; x_wconf 87' lang='lat' dir='ltr'>correxerit</span> <span class='ocrx_word' id='word_1_252' title='bbox 1219 3225 1379 3315; x_wconf 82' lang='lat' dir='ltr'>Flachius‚</span> 
     </span>
     <span class='ocr_line' id='line_1_29' title="bbox 207 3333 1378 3421; baseline -0.001 -21"><span class='ocrx_word' id='word_1_253' title='bbox 207 3358 280 3400; x_wconf 89' lang='lat' dir='ltr'>eum</span> <span class='ocrx_word' id='word_1_254' title='bbox 307 3357 366 3419; x_wconf 93' lang='lat' dir='ltr'>pro</span> <span class='ocrx_word' id='word_1_255' title='bbox 394 3333 449 3400; x_wconf 81' lang='grc' dir='ltr'>καὶ</span> <span class='ocrx_word' id='word_1_256' title='bbox 477 3335 517 3401; x_wconf 88' lang='grc' dir='ltr'>οὐ</span> <span class='ocrx_word' id='word_1_257' title='bbox 544 3338 680 3421; x_wconf 79' lang='grc' dir='ltr'><em>μάχεται</em></span> <span class='ocrx_word' id='word_1_258' title='bbox 710 3335 808 3401; x_wconf 92' lang='lat' dir='ltr'>scribi</span> <span class='ocrx_word' id='word_1_259' title='bbox 836 3335 961 3401; x_wconf 90' lang='lat' dir='ltr'>iuberet</span> <span class='ocrx_word' id='word_1_260' title='bbox 989 3337 1047 3401; x_wconf 80' lang='grc' dir='ltr'>ὅτι</span> <span class='ocrx_word' id='word_1_261' title='bbox 1073 3334 1208 3420; x_wconf 78' lang='grc' dir='ltr'><em>μάχεται</em></span> <span class='ocrx_word' id='word_1_262' title='bbox 1236 3337 1268 3398; x_wconf 93' lang='lat' dir='ltr'>et</span> <span class='ocrx_word' id='word_1_263' title='bbox 1294 3333 1378 3399; x_wconf 89' lang='lat' dir='ltr'>hanc</span> 
     </span>
     <span class='ocr_line' id='line_1_30' title="bbox 207 3441 1377 3526; baseline -0.002 -20"><span class='ocrx_word' id='word_1_264' title='bbox 207 3442 249 3506; x_wconf 93' lang='lat' dir='ltr'>ob</span> <span class='ocrx_word' id='word_1_265' title='bbox 286 3464 414 3507; x_wconf 90' lang='lat' dir='ltr'>causam</span> <span class='ocrx_word' id='word_1_266' title='bbox 451 3443 609 3507; x_wconf 92' lang='lat' dir='ltr'>coniceret</span> <span class='ocrx_word' id='word_1_267' title='bbox 645 3442 686 3506; x_wconf 87' lang='lat' dir='ltr'>ab</span> <span class='ocrx_word' id='word_1_268' title='bbox 718 3441 907 3507; x_wconf 86' lang='lat' dir='ltr'>Aristarcho</span> <span class='ocrx_word' id='word_1_269' title='bbox 945 3442 1075 3507; x_wconf 91' lang='lat' dir='ltr'>obelum</span> <span class='ocrx_word' id='word_1_270' title='bbox 1112 3441 1276 3526; x_wconf 86' lang='lat' dir='ltr'>appictum</span> <span class='ocrx_word' id='word_1_271' title='bbox 1308 3461 1377 3505; x_wconf 90' lang='lat' dir='ltr'>esse</span> 
     </span>
     <span class='ocr_line' id='line_1_31' title="bbox 207 3545 1377 3633; baseline -0.002 -20"><span class='ocrx_word' id='word_1_272' title='bbox 207 3549 327 3633; x_wconf 82' lang='lat' dir='ltr'>versui,</span> <span class='ocrx_word' id='word_1_273' title='bbox 354 3548 541 3631; x_wconf 86' lang='lat' dir='ltr'>perdifficile</span> <span class='ocrx_word' id='word_1_274' title='bbox 569 3548 656 3614; x_wconf 88' lang='lat' dir='ltr'>dictu</span> <span class='ocrx_word' id='word_1_275' title='bbox 684 3552 741 3613; x_wconf 91' lang='lat' dir='ltr'>est.</span> <span class='ocrx_word' id='word_1_276' title='bbox 792 3547 927 3633; x_wconf 86' lang='lat' dir='ltr'>Legitur</span> <span class='ocrx_word' id='word_1_277' title='bbox 954 3569 1029 3612; x_wconf 89' lang='lat' dir='ltr'>sane</span> <span class='ocrx_word' id='word_1_278' title='bbox 1056 3548 1092 3612; x_wconf 91' lang='lat' dir='ltr'>in</span> <span class='ocrx_word' id='word_1_279' title='bbox 1121 3547 1227 3613; x_wconf 89' lang='lat' dir='ltr'>codice</span> <span class='ocrx_word' id='word_1_280' title='bbox 1250 3545 1377 3613; x_wconf 84' lang='lat' dir='ltr'>Dorvil-</span> 
     </span>
     <span class='ocr_line' id='line_1_32' title="bbox 206 3651 1376 3742; baseline 0.001 -24"><span class='ocrx_word' id='word_1_281' title='bbox 206 3654 293 3719; x_wconf 88' lang='lat' dir='ltr'>liano</span> <span class='ocrx_word' id='word_1_282' title='bbox 316 3651 380 3718; x_wconf 81' lang='grc' dir='ltr'>καὶ</span> <span class='ocrx_word' id='word_1_283' title='bbox 403 3656 552 3742; x_wconf 77' lang='grc' dir='ltr'><em>μάχεται,</em></span> <span class='ocrx_word' id='word_1_284' title='bbox 574 3656 661 3740; x_wconf 89' lang='lat' dir='ltr'>quod</span> <span class='ocrx_word' id='word_1_285' title='bbox 682 3655 791 3739; x_wconf 90' lang='lat' dir='ltr'>potuit</span> <span class='ocrx_word' id='word_1_286' title='bbox 814 3677 853 3719; x_wconf 85' lang='lat' dir='ltr'>ex</span> <span class='ocrx_word' id='word_1_287' title='bbox 875 3659 967 3738; x_wconf 83' lang='lat' dir='ltr'>parte</span> <span class='ocrx_word' id='word_1_288' title='bbox 989 3652 1195 3719; x_wconf 85' lang='lat' dir='ltr'>Flechianam</span> <span class='ocrx_word' id='word_1_289' title='bbox 1218 3656 1376 3719; x_wconf 90' lang='lat' dir='ltr'>coniectu-</span> 
     </span>
    </p>
   </div>
   <div class='ocr_carea' id='block_1_3' title="bbox 205 3878 1376 4474">
    <p class='ocr_par' dir='ltr' id='par_1_3' title="bbox 205 3878 1376 4474">
     <span class='ocr_line' id='line_1_33' title="bbox 279 3878 1376 3953; baseline 0.001 -17"><span class='ocrx_word' id='word_1_290' title='bbox 279 3884 305 3953; x_wconf 87' lang='lat'>1)</span> <span class='ocrx_word' id='word_1_291' title='bbox 323 3882 384 3938; x_wconf 90' lang='lat' dir='ltr'>Hae</span> <span class='ocrx_word' id='word_1_292' title='bbox 408 3883 443 3937; x_wconf 88' lang='lat' dir='ltr'>ab</span> <span class='ocrx_word' id='word_1_293' title='bbox 465 3899 496 3938; x_wconf 89' lang='lat' dir='ltr'>rc</span> <span class='ocrx_word' id='word_1_294' title='bbox 518 3882 589 3936; x_wconf 91' lang='lat' dir='ltr'>mihi</span> <span class='ocrx_word' id='word_1_295' title='bbox 610 3882 735 3952; x_wconf 80' lang='lat' dir='ltr'>profecto</span> <span class='ocrx_word' id='word_1_296' title='bbox 758 3898 808 3951; x_wconf 91' lang='lat' dir='ltr'>pro</span> <span class='ocrx_word' id='word_1_297' title='bbox 828 3883 903 3935; x_wconf 87' lang='lat' dir='ltr'>certo</span> <span class='ocrx_word' id='word_1_298' title='bbox 923 3878 1057 3934; x_wconf 84' lang='lat' dir='ltr'>affirmari</span> <span class='ocrx_word' id='word_1_299' title='bbox 1075 3879 1187 3935; x_wconf 85' lang='lat' dir='ltr'>videtur</span> <span class='ocrx_word' id='word_1_300' title='bbox 1204 3896 1286 3950; x_wconf 88' lang='lat' dir='ltr'>posse</span> <span class='ocrx_word' id='word_1_301' title='bbox 1305 3881 1376 3937; x_wconf 87' lang='lat' dir='ltr'>haee</span> 
     </span>
     <span class='ocr_line' id='line_1_34' title="bbox 206 3968 1376 4039; baseline 0 -14"><span class='ocrx_word' id='word_1_302' title='bbox 206 3970 357 4026; x_wconf 87' lang='lat' dir='ltr'>veterrima</span> <span class='ocrx_word' id='word_1_303' title='bbox 375 3970 483 4026; x_wconf 86' lang='lat' dir='ltr'>scholia</span> <span class='ocrx_word' id='word_1_304' title='bbox 500 3970 568 4024; x_wconf 90' lang='lat' dir='ltr'>olim</span> <span class='ocrx_word' id='word_1_305' title='bbox 587 3971 740 4025; x_wconf 89' lang='lat' dir='ltr'>secundum</span> <span class='ocrx_word' id='word_1_306' title='bbox 758 3970 885 4039; x_wconf 81' lang='lat' dir='ltr'>alteram,</span> <span class='ocrx_word' id='word_1_307' title='bbox 904 3984 989 4037; x_wconf 89' lang='lat' dir='ltr'>quam</span> <span class='ocrx_word' id='word_1_308' title='bbox 1008 3984 1167 4038; x_wconf 83' lang='lat' dir='ltr'>cognosces,</span> <span class='ocrx_word' id='word_1_309' title='bbox 1185 3968 1376 4025; x_wconf 85' lang='lat' dir='ltr'>recensionem</span> 
     </span>
     <span class='ocr_line' id='line_1_35' title="bbox 205 4057 1374 4130; baseline 0.001 -18"><span class='ocrx_word' id='word_1_310' title='bbox 205 4060 283 4115; x_wconf 85' lang='lat' dir='ltr'>facta</span> <span class='ocrx_word' id='word_1_311' title='bbox 309 4062 409 4130; x_wconf 89' lang='lat' dir='ltr'>postea</span> <span class='ocrx_word' id='word_1_312' title='bbox 437 4075 497 4114; x_wconf 88' lang='lat' dir='ltr'>esse</span> <span class='ocrx_word' id='word_1_313' title='bbox 524 4059 668 4130; x_wconf 86' lang='lat' dir='ltr'>adscripta</span> <span class='ocrx_word' id='word_1_314' title='bbox 696 4060 733 4114; x_wconf 87' lang='lat' dir='ltr'>ed</span> <span class='ocrx_word' id='word_1_315' title='bbox 761 4057 904 4129; x_wconf 87' lang='lat' dir='ltr'>exemplar</span> <span class='ocrx_word' id='word_1_316' title='bbox 924 4060 1038 4112; x_wconf 86' lang='lat' dir='ltr'>nostrae</span> <span class='ocrx_word' id='word_1_317' title='bbox 1063 4057 1232 4113; x_wconf 89' lang='lat' dir='ltr'>recensionis</span> <span class='ocrx_word' id='word_1_318' title='bbox 1256 4059 1374 4113; x_wconf 88' lang='lat' dir='ltr'>servatis</span> 
     </span>
     <span class='ocr_line' id='line_1_36' title="bbox 205 4147 1374 4218; baseline -0.003 -13"><span class='ocrx_word' id='word_1_319' title='bbox 205 4152 301 4205; x_wconf 87' lang='lat' dir='ltr'>temen</span> <span class='ocrx_word' id='word_1_320' title='bbox 327 4148 468 4204; x_wconf 87' lang='lat' dir='ltr'>veteribus</span> <span class='ocrx_word' id='word_1_321' title='bbox 495 4149 688 4218; x_wconf 88' lang='lat' dir='ltr'>lemmatibus,</span> <span class='ocrx_word' id='word_1_322' title='bbox 717 4148 793 4217; x_wconf 88' lang='lat' dir='ltr'>quod</span> <span class='ocrx_word' id='word_1_323' title='bbox 819 4148 950 4218; x_wconf 88' lang='lat' dir='ltr'>iamper</span> <span class='ocrx_word' id='word_1_324' title='bbox 973 4163 1001 4202; x_wconf 88' lang='lat' dir='ltr'>se</span> <span class='ocrx_word' id='word_1_325' title='bbox 1025 4147 1173 4218; x_wconf 88' lang='lat' dir='ltr'>probabile</span> <span class='ocrx_word' id='word_1_326' title='bbox 1196 4151 1247 4217; x_wconf 87' lang='lat' dir='ltr'>est,</span> <span class='ocrx_word' id='word_1_327' title='bbox 1270 4147 1374 4218; x_wconf 89' lang='lat' dir='ltr'>quippe</span> 
     </span>
     <span class='ocr_line' id='line_1_37' title="bbox 206 4235 1375 4306; baseline 0 -14"><span class='ocrx_word' id='word_1_328' title='bbox 206 4238 308 4306; x_wconf 88' lang='lat' dir='ltr'>quibus</span> <span class='ocrx_word' id='word_1_329' title='bbox 335 4240 447 4292; x_wconf 89' lang='lat' dir='ltr'>tantum</span> <span class='ocrx_word' id='word_1_330' title='bbox 474 4254 570 4292; x_wconf 87' lang='lat' dir='ltr'>versus</span> <span class='ocrx_word' id='word_1_331' title='bbox 593 4237 792 4292; x_wconf 87' lang='lat' dir='ltr'>indicarentur.</span> <span class='ocrx_word' id='word_1_332' title='bbox 834 4236 898 4291; x_wconf 84' lang='lat' dir='ltr'>Tali</span> <span class='ocrx_word' id='word_1_333' title='bbox 921 4235 1075 4306; x_wconf 86' lang='lat' dir='ltr'>exemplari</span> <span class='ocrx_word' id='word_1_334' title='bbox 1097 4238 1220 4305; x_wconf 88' lang='lat' dir='ltr'>quodam</span> <span class='ocrx_word' id='word_1_335' title='bbox 1242 4254 1308 4291; x_wconf 87' lang='lat' dir='ltr'>usus</span> <span class='ocrx_word' id='word_1_336' title='bbox 1331 4240 1375 4292; x_wconf 91' lang='lat' dir='ltr'>est</span> 
     </span>
     <span class='ocr_line' id='line_1_38' title="bbox 207 4324 1374 4397; baseline -0.002 -16"><span class='ocrx_word' id='word_1_337' title='bbox 207 4327 421 4382; x_wconf 84' lang='lat' dir='ltr'>Choeroboscus.</span> <span class='ocrx_word' id='word_1_338' title='bbox 469 4326 565 4382; x_wconf 82' lang='lat' dir='ltr'>Simile</span> <span class='ocrx_word' id='word_1_339' title='bbox 589 4327 698 4397; x_wconf 86' lang='lat' dir='ltr'>aliquid</span> <span class='ocrx_word' id='word_1_340' title='bbox 721 4326 815 4382; x_wconf 90' lang='lat' dir='ltr'>evenit</span> <span class='ocrx_word' id='word_1_341' title='bbox 837 4326 924 4380; x_wconf 90' lang='lat' dir='ltr'>etiam</span> <span class='ocrx_word' id='word_1_342' title='bbox 946 4324 976 4379; x_wconf 91' lang='lat' dir='ltr'>in</span> <span class='ocrx_word' id='word_1_343' title='bbox 999 4325 1106 4396; x_wconf 91' lang='lat' dir='ltr'>optimo</span> <span class='ocrx_word' id='word_1_344' title='bbox 1130 4325 1225 4381; x_wconf 87' lang='lat' dir='ltr'>codiee</span> <span class='ocrx_word' id='word_1_345' title='bbox 1247 4325 1374 4381; x_wconf 88' lang='lat' dir='ltr'>Homeri-</span> 
     </span>
     <span class='ocr_line' id='line_1_39' title="bbox 206 4416 496 4474; baseline 0.007 -2"><span class='ocrx_word' id='word_1_346' title='bbox 206 4431 301 4472; x_wconf 88' lang='lat' dir='ltr'>corum</span> <span class='ocrx_word' id='word_1_347' title='bbox 320 4416 496 4474; x_wconf 87' lang='lat' dir='ltr'>scholiorum.</span> 
     </span>
    </p>
   </div>
   <div class='ocr_carea' id='block_1_4' title="bbox 0 0 1688 5168">
    <p class='ocr_par' dir='ltr' id='par_1_4' title="bbox 0 0 1688 5168">
     <span class='ocr_line' id='line_1_40' title="bbox 0 0 1688 5168; baseline 0 1"><span class='ocrx_word' id='word_1_348' title='bbox 0 0 1688 5168; x_wconf 95' lang='lat' dir='ltr'> </span> 
     </span>
    </p>
   </div>
  </div>
 </body>
</html>
