3366 5168
327 311 391 375 110
515 310 557 365 De
575 308 736 364 Plutarchei
754 307 949 364 commentarii
966 307 1076 362 ratione
1096 310 1181 377 atque
1199 308 1305 366 indole.

327 474 425 538 sibus.
471 472 582 538 Veluti
605 494 672 537 non
694 473 798 537 solum
821 471 957 537 retinuit
979 472 1040 536 hos
1063 475 1130 536 tres
1153 493 1265 536 versus
1283 470 1500 560 (317-319),

327 603 438 646 verum
475 579 572 644 etiam
608 582 721 643 contra
751 578 961 643 Plutarchum
998 578 1038 643 ad
1070 601 1180 643 versus
1214 578 1276 643 757
1298 601 1344 664 sq.
1376 603 1406 664 p.
1434 580 1498 644 411

325 687 463 751 audebat
487 686 646 770 quaedam
668 686 819 769 proferre.
865 685 953 750 Haec
971 698 1214 771 cognoscamus3
1233 685 1403 770 utriusque
1416 688 1500 752 ratio

326 815 422 878 quam
458 792 637 858 clarissime
674 791 819 856 elucebit.
878 791 1072 857 Plutarchus
1110 792 1195 856 enim
1228 814 1287 858 suo
1318 792 1423 858 Marte
1454 816 1500 858 re-

323 904 431 965 movet
454 921 566 964 versus
589 898 664 963 illos
687 900 732 976 ὡς
755 899 870 982 εὐτελῆ
893 897 948 964 καὶ
974 898 1092 977 ἀνάξια
1111 900 1323 983 academicae
1345 903 1499 985 Μούσηςε

323 1006 456 1071 Proclus
494 1028 558 1090 quo
596 1005 665 1070 iure
702 1005 749 1070 ita
773 1005 969 1070 iudicaverit
1001 1005 1070 1092 ille,
1103 1004 1233 1070 omnino
1265 1028 1333 1070 non
1364 1007 1498 1090 quaerit.

323 1109 392 1177 Nec
416 1108 609 1177 obtendebat
632 1135 661 1176 v.
682 1112 856 1178 733-736
879 1111 931 1177 vel
953 1134 982 1177 v.
1003 1112 1187 1195 727-731,
1211 1112 1330 1196 quibus
1352 1113 1499 1179 versibus

322 1219 357 1283 id
384 1219 488 1284 multo
516 1219 619 1304 magis
648 1218 733 1283 obici
760 1222 901 1304 poterat,
930 1240 1011 1304 quos
1038 1223 1147 1283 temen
1174 1218 1367 1284 Plutarchus
1391 1242 1499 1286 secure

326 1330 375 1391 est
398 1326 639 1410 interpretatus.
676 1325 764 1390 Haec
786 1326 897 1409 potius
919 1324 1051 1390 Proelus
1076 1326 1115 1390 ad
1137 1347 1248 1391 versus
1272 1326 1497 1393 defendendos:

236 1498 238 1501 ,
325 1438 404 1510 ἴσως
432 1429 469 1498 dt
496 1431 551 1498 aul
578 1443 681 1498 ταῦτα
708 1434 964 1518 παρακελεύεται
992 1442 1051 1517 τῆς
1078 1434 1243 1510 ἰδιωτείας
1270 1445 1337 1498 τῶν
1365 1439 1499 1500 πολλῶν

325 1543 573 1625 στοχαζόμενος·
593 1539 633 1605 οὐ
652 1541 714 1625 γὰρ
733 1540 854 1617 πάντες
873 1542 985 1625 ἔχουσι
1004 1547 1097 1624 νοῦν,
1116 1538 1199 1605 ἄλλα
1217 1537 1271 1604 καὶ
1289 1541 1392 1605 ταῦτα
1409 1564 1499 1618 τινες

324 1646 367 1712 ἂν
389 1648 571 1734 παρίδοιεν.

413 1753 535 1818 Eadem
562 1753 629 1818 fere
653 1756 701 1817 est
724 1753 822 1837 ratio,
851 1775 915 1837 qua
937 1753 1053 1818 duetus
1076 1752 1268 1817 Plutarchus
1292 1751 1344 1839 (cf.
1367 1776 1398 1837 p.
1419 1750 1497 1840 188)

323 1860 478 1944 expunxit
493 1882 603 1926 versus
614 1860 791 1924 267-274
806 1863 902 1924 notos
917 1859 1044 1944 quidem
1058 1859 1133 1925 illos
1147 1860 1250 1924 multo
1264 1858 1497 1924 vetustioribus

324 1966 544 2051 scriptoribus.
581 1966 627 2031 Et
642 1966 763 2031 oblitus
778 1989 855 2031 suae
869 1966 1050 2031 atheteseos
1068 1966 1152 2030 idem
1167 1966 1277 2031 eodem
1290 1967 1361 2031 loeo
1377 1966 1415 2030 de
1429 1966 1496 2030 filio

323 2073 458 2138 Hesiodi
486 2073 672 2157 disputavit.
724 2072 799 2137 Alio
824 2072 964 2157 quodam
985 2073 1057 2137 loco
1080 2095 1152 2138 cum
1175 2095 1235 2138 suo
1259 2072 1398 2157 quodam
1419 2073 1498 2157 iure,

324 2179 409 2264 quod
423 2183 509 2244 recte
525 2180 708 2245 observavit
721 2200 866 2266 pugnare
875 2180 960 2244 inter
977 2202 1010 2244 se
1024 2202 1136 2245 versus
1151 2179 1274 2244 vicinos
1289 2177 1333 2266 (p.
1343 2179 1417 2263 228,
1432 2176 1496 2266 14),

323 2285 403 2351 duos
415 2283 458 2372 (v.
469 2285 660 2375 353-354)
671 2287 850 2372 delevisset,
858 2287 991 2351 tertium
1001 2286 1061 2351 hos
1073 2287 1292 2373 excipientem,
1300 2286 1355 2371 qui
1364 2307 1497 2369 prorsus

323 2392 358 2457 in
377 2393 486 2467 eadem
504 2398 553 2458 est
572 2395 739 2477 sententia,
758 2393 893 2458 retinuit
911 2397 944 2458 et
963 2399 1012 2458 est
1030 2393 1261 2478 interpretatus
1281 2390 1326 2480 (p.
1345 2393 1418 2477 229,
1429 2389 1496 2478 22).

321 2498 456 2565 Proclus
491 2522 567 2565 vero
604 2499 682 2565 haec
719 2500 826 2565 omnia
862 2522 929 2565 non
966 2501 1070 2565 solum
1101 2523 1168 2566 non
1198 2500 1359 2565 intellexit
1391 2521 1496 2565 carere

322 2607 461 2694 ratione,
497 2608 552 2672 sed
588 2608 686 2672 etiam
722 2608 882 2691 probavit.
920 2608 1090 2673 ‘Eiusdem
1122 2612 1218 2673 notae
1250 2611 1327 2672 sunt
1358 2606 1496 2691 reliqua:

321 2712 438 2799 longus
462 2735 531 2778 esse
553 2714 637 2779 nolo.

399 2818 474 2885 ‘Sed
506 2821 596 2886 cuius
629 2821 739 2887 laudes
771 2822 806 2885 in
837 2845 872 2886 re
904 2823 1014 2887 critica
1046 2822 1217 2886 admodum
1248 2825 1324 2886 sunt
1354 2821 1496 2906 exiguae,

322 2927 406 2992 idem
439 2949 472 2992 se
504 2929 681 3015 praestitit,
713 2931 750 2992 ut
783 2949 880 3012 supra
907 2927 1058 3013 vidimus,
1092 2929 1251 3012 optimum
1278 2929 1494 3012 interpretem.

323 3033 447 3110 Quibus
467 3038 575 3100 autem
594 3034 739 3099 fontibus
754 3055 832 3098 usus
852 3034 896 3098 sit
916 3034 951 3096 in
968 3034 1028 3097 hac
1046 3037 1137 3117 parte
1162 3034 1270 3120 officii,
1284 3033 1495 3117 >aliquatenus

321 3140 396 3205 lieet
419 3142 517 3205 etiam
539 3161 625 3204 nunc
648 3140 875 3204 demonstrare.

410 3247 456 3311 Et
492 3246 633 3331 primum
666 3243 794 3329 quidem
826 3246 861 3308 in
895 3245 1050 3330 exemplis
1082 3244 1246 3310 historicis
1278 3244 1495 3329 mythicisque

322 3354 441 3418 eisdem
468 3352 614 3417 fontibus
643 3351 911 3417 verisimillimum
939 3356 989 3417 est
1017 3373 1090 3415 eum
1117 3374 1212 3416 usum
1239 3374 1323 3438 esse,
1352 3373 1434 3435 quos
1460 3352 1496 3416 in

321 3459 409 3524 Vitis
436 3463 469 3522 et
492 3457 671 3523 Moralibus
699 3457 880 3523 adhibebat.
931 3456 1133 3523 Nominatim
1160 3458 1272 3523 attulit
1293 3456 1495 3523 Herodotum

322 3562 355 3651 (a
381 3563 466 3629 libro
495 3562 614 3651 primo)
637 3588 667 3648 p.
689 3564 743 3644 72,
763 3563 821 3651 25,
848 3564 1053 3630 Hellanicum
1079 3565 1115 3630 in
1135 3564 1326 3649 Phoronide,
1350 3564 1382 3629 id
1410 3564 1496 3648 quod

321 3670 486 3735 nonnullis
513 3671 631 3735 mirum
659 3671 832 3756 videbitur,
860 3694 891 3755 p.
917 3672 995 3755 361,
1020 3673 1054 3756 63
1080 3670 1292 3736 Aristotelem
1314 3694 1343 3756 p.
1366 3670 1443 3757 154,
1467 3671 1494 3754 1,

323 3776 464 3842 eiusdem
479 3800 496 3842 e
509 3776 758 3842 Rhetorieorum
773 3776 858 3842 libro
872 3776 927 3863 Ip.
941 3778 1002 3842 137
1006 3778 1060 3862 da,
1070 3779 1089 3842 9
1100 3775 1154 3864 (de
1168 3800 1232 3862 qua
1245 3800 1279 3841 re
1293 3800 1391 3861 supra
1406 3800 1436 3861 p.
1452 3777 1493 3840 98

322 3888 371 3949 est
395 3882 611 3971 disputatum)
633 3909 664 3970 p.
683 3885 759 3974 232,
779 3885 807 3972 7,
830 3907 927 3970 porro
950 3908 980 3969 p.
995 3885 1069 3969 361,
1089 3883 1131 3948 25
1151 3906 1189 3948 ex
1209 3882 1494 3949 Orchomeniorum

321 3992 486 4075 republica
509 3989 588 4078 (quo
608 3992 646 4056 de
665 4014 760 4077 opere
782 3992 919 4057 fortasse
943 3991 1120 4076 dubitabat,
1144 3990 1215 4055 vide
1239 3990 1387 4055 Taetaam
1404 4012 1434 4073 p.
1450 3988 1494 4076 8).

321 4097 405 4163 Tum
427 4098 572 4163 laudavit
593 4096 761 4162 Timaeum
783 4121 813 4182 p.
833 4097 897 4162 258
922 4097 993 4187 (qui
1015 4097 1219 4182 seripseritne
1236 4095 1315 4161 haec
1332 4096 1368 4160 in
1385 4095 1495 4159 Histo-

320 4204 379 4269 riis
403 4205 480 4292 suis,
507 4204 598 4270 valde
622 4200 836 4291 dubitamus),
857 4204 1027 4289 Ephorum
1049 4227 1080 4288 p.
1100 4204 1174 4288 362,
1189 4201 1241 4287 25,
1264 4201 1494 4267 Aristoxenum

321 4316 353 4377 et
379 4311 638 4396 Theophrastum
666 4332 696 4393 p.
716 4310 794 4389 264,
815 4311 855 4374 16
884 4307 938 4399 (cf.
958 4311 1013 4375 vit.
1037 4310 1213 4375 Alexandri
1235 4330 1302 4392 cap.
1326 4306 1377 4396 4),
1403 4306 1495 4391 Lysi·

321 4417 470 4486 maehum
493 4417 560 4482 sire
582 4417 756 4503 Lysaniam
779 4413 832 4503 (cf.
856 4439 953 4501 supra
975 4440 1005 4501 p.
1027 4415 1105 4505 100)
1129 4419 1162 4481 et
1184 4414 1369 4481 Melisseum
1391 4437 1422 4499 p.
1441 4413 1494 4502 33,
