3366 5168
296 351 358 414 128
491 349 644 405 Aristonici
661 350 725 418 περὶ
744 346 864 418 σημείων
882 356 932 402 τοῦ
947 346 1079 402 Ἡσιόδου
1096 347 1264 417 fragmenta.

295 514 438 578 stonicus
474 513 571 577 istam
604 534 699 596 quam
730 512 868 596 legimus
902 509 1143 575 adnotationem
1175 508 1298 573 adiecit.
1352 507 1466 592 Neque

294 621 467 704 rationem,
485 629 533 684 'ex
561 641 625 702 qua
652 617 692 682 ab
716 616 905 682 Aristarcho
933 638 1043 681 versus
1066 614 1128 680 105
1152 615 1275 681 deletus
1299 618 1397 699 esset,
1419 615 1466 679 in·

293 725 427 790 tellexit.
478 724 539 790 Sed
569 725 664 789 etiam
690 745 762 788 cum
786 722 933 788 adessent
956 722 1060 787 multa
1083 722 1212 808 auxilia,
1235 723 1352 805 quibus
1375 722 1466 786 nisus

294 832 451 896 inveniret
480 853 589 895 veram
616 829 797 895 Aristarchi
829 830 1037 915 sententiam,
1062 851 1129 894 non
1156 850 1229 893 raro
1253 828 1307 892 ille
1330 828 1467 913 errabat,

292 938 326 1002 id
356 939 443 1023 quod
466 960 505 1003 ex
528 937 709 1002 Homericis
731 935 912 1000 Aristarchi
935 935 1050 1000 studiis
1074 935 1267 1018 comparatis
1290 934 1468 999 Aristonici

250 1113 252 1118 ,
292 1045 487 1129 Didymique
506 1044 634 1127 scriptis
653 1043 857 1128 cognoscitur
877 1040 930 1129 (cf.
944 1040 1107 1127 Ludwich,
1120 1040 1220 1107 Arist.
1234 1043 1320 1106 hom.
1335 1040 1465 1105 Textkr.

294 1150 320 1237 I,
339 1150 383 1214 40
394 1173 450 1235 sq,
474 1151 515 1215 67
528 1147 589 1236 sq).
644 1149 716 1214 Hoc
746 1153 856 1214 tamen
886 1148 958 1214 loco
989 1171 1030 1213 ne
1057 1148 1215 1233 Didymus
1244 1147 1373 1232 quidem
1399 1169 1467 1211 rem

293 1261 378 1321 recte
401 1257 565 1340 perspexit
583 1256 755 1340 perductus
770 1255 863 1321 eredo
882 1255 921 1320 ad
940 1255 1143 1342 sententiam,
1166 1278 1263 1339 quam
1282 1255 1345 1320 sibi
1363 1255 1467 1339 finxit,

294 1363 377 1428 falsa
406 1363 463 1427 illa
495 1384 576 1446 quae
608 1362 796 1427 tradebatur
828 1360 1072 1445 Aristarchea.¹)
1123 1361 1211 1427 Dicit
1243 1362 1328 1426 enim
1354 1362 1389 1425 in
1416 1383 1466 1424 ex-

296 1472 407 1553 cerpto
432 1469 554 1533 scholio
578 1466 826 1555 choer0b0s0i2)
849 1491 879 1553 p.
898 1469 943 1532 44
960 1472 1027 1533 not.
1046 1492 1068 1551 y
1087 1465 1270 1534 Ἀνωστέον
1292 1466 1379 1556 (lege
1397 1468 1468 1552 [οὕ-

294 1575 373 1661 τως]
397 1574 645 1663 ἀναγνωστέον)
670 1578 751 1641 ἔστω
775 1593 828 1641 σοι
851 1575 906 1640 καὶ
929 1578 980 1640 τό·
1004 1574 1065 1641 οὐκ
1088 1577 1151 1661 ἄρα
1171 1586 1299 1659 μοῦνον
1318 1578 1387 1658 ἔην·
1412 1576 1467 1639 διὰ

294 1687 330 1747 τί
355 1678 447 1748 εἶπεν
474 1683 535 1747 οὐκ
563 1684 627 1768 ἄρα
650 1692 795 1767 μοῦνον,
816 1681 899 1765 πρὶν
923 1688 997 1767 stup
1019 1686 1124 1760 νίνος;
1148 1678 1218 1747 εἷπε
1240 1684 1277 1747 τὸ
1301 1680 1376 1767 οὐχὶ
1398 1693 1468 1758 πῶς

295 1794 365 1855 ναί·
398 1785 468 1855 εἷπε
500 1791 562 1875 γὰρ
598 1789 634 1854 ἐν
666 1798 705 1875 τῇ
741 1792 914 1876 Θεογονίᾳ,
946 1789 996 1853 ὅτι
1029 1790 1066 1853 ἓν
1099 1787 1196 1871 γένος
1223 1791 1292 1853 ἔστι
1319 1794 1467 1873 φιλονει-

294 1899 377 1980 κίας,
406 1894 461 1961 καλ
485 1890 550 1961 ὧδε
574 1899 708 1981 ἔμελλεν
733 1897 849 1979 εἰπεῖν,
873 1896 922 1961 ὅτι
947 1897 1009 1961 δύο
1033 1897 1131 1960 εἰσίν·
1159 1892 1214 1961 καὶ
1238 1891 1309 1960 εἶπε
1331 1897 1369 1960 τὸ
1392 1893 1467 1979 οὐχὶ

294 2003 376 2088 τάχα
403 2003 454 2068 ὅτι
482 2001 642 2081 ἐψεύσατο
672 2001 708 2068 ἐν
735 2012 781 2090 τῷ
812 1990 931 2085 εἰπεῖν,
955 2003 1005 2067 ὅτι
1028 2002 1067 2066 ἓν
1089 2001 1186 2085 γένος
1208 2003 1347 2090 ὑπάρχει
1371 2007 1467 2085 φιλο-

296 2113 429 2185 νεικίας.
465 2106 578 2192 Neque
596 2131 795 2173 moraremur
814 2109 848 2172 in
865 2108 926 2172 hac
944 2108 1027 2172 falsa
1044 2107 1176 2192 Didymi
1195 2108 1467 2193 interpretatione,

298 2214 362 2278 nisi
381 2215 506 2279 adesset
528 2216 701 2301 vestigium
724 2215 861 2279 aliorum
886 2237 1013 2299 quoque
1036 2216 1200 2281 doctrinae
1222 2219 1255 2280 et
1278 2215 1467 2280 studiorum.
1494 2251 1497 2255 ·

296 2318 381 2385 Nam
403 2322 461 2385 illo
485 2322 589 2398 οὕτως
612 2321 843 2404 ἀναγνωστέον
865 2322 1037 2387 manifesto
1061 2322 1299 2387 demonstratur
1316 2321 1415 2386 fuisse
1433 2323 1468 2385 iu

295 2428 390 2511 pleno
420 2428 542 2494 scholio
573 2429 687 2493 allatas
715 2429 820 2494 varias
847 2428 1008 2513 lectiones,
1063 2429 1230 2493 Mutavere
1257 2427 1378 2493 sedicet
1405 2428 1467 2493 riri

295 2533 380 2599 docti
412 2533 493 2597 illud
520 2535 598 2620 ἄρα,
625 2556 690 2617 quo
718 2534 759 2598 ad
786 2534 1007 2621 Tbeogoniam
1036 2557 1070 2599 se
1096 2535 1276 2600 necessario
1304 2535 1376 2600 duci
1405 2535 1467 2599 sibi

294 2639 491 2704 videbantur.
543 2637 664 2705 Contra
693 2639 875 2706 Aristarchi
903 2642 1032 2727 signum
1059 2645 1128 2705 erat
1151 2641 1191 2706 ad
1213 2664 1354 2729 versum,
1382 2641 1468 2726 quod

298 2746 333 2809 in
355 2768 392 2811 eo
421 2747 509 2811 aliud
531 2747 702 2812 exhibetur
726 2770 822 2832 quam
846 2748 909 2813 alic
932 2749 1003 2813 loco
1026 2747 1196 2813 Hesiodea.

384 2851 438 2916 Ad
459 2875 488 2917 v.
510 2853 552 2917 14
575 2854 690 2918 scholii
714 2853 930 2920 Choerobosci
953 2877 983 2938 p.
1002 2855 1055 2939 47,
1076 2855 1113 2918 11
1136 2855 1328 2919 vocabulum
1351 2854 1386 2920 ἐκ
1409 2877 1467 2920 πα-

295 2960 462 3044 ραλλήλου
485 2982 544 3043 pro
568 2962 617 3026 ὅτι
642 2960 677 3025 ἐκ
699 2966 915 3046 παραλλήλου
933 2959 1111 3025 Aristonici
1129 2961 1308 3027 doctrinam
1326 2962 1468 3027 ostendit

294 3068 327 3127 et
357 3065 426 3129 iure
450 3087 468 3128 a
491 3063 623 3131 Flachio
647 3066 737 3131 allati
761 3071 837 3130 sunt
860 3067 981 3132 similes
1003 3068 1181 3132 Aristonici
1203 3068 1266 3133 loci
1289 3090 1328 3132 ex
1351 3067 1467 3133 Home

294 3169 369 3233 ricis
394 3170 510 3234 studiis
534 3172 573 3235 ad
596 3174 617 3237 d
636 3172 711 3256 685,
735 3198 747 3237 ι
766 3173 841 3260 261,
863 3197 886 3257 μ
906 3174 958 3259 92,
981 3177 1066 3238 recte
1085 3175 1182 3238 etiam
1200 3174 1298 3240 verba
1315 3175 1467 3239 restituta

296 3272 444 3362 (Jahrbb.
463 3274 562 3362 CXV,
583 3300 613 3361 p.
632 3276 727 3365 437):
751 3278 801 3344 ὅτι
824 3282 969 3365 πόλεμον
994 3279 1050 3346 καὶ
1074 3282 1173 3367 δῆριν
1195 3281 1231 3347 ἐκ
1254 3283 1467 3369 παραλλήλου

296 3377 396 3447 εἶπεν.
451 3382 585 3467 Tamen,
617 3406 691 3448 cum
723 3384 887 3450 dubitaret
919 3387 957 3451 de
994 3387 1206 3471 explicatione
1239 3388 1337 3472 signi,
1370 3387 1467 3452 etiam

294 3488 483 3573 ὑπερβατόν
507 3511 576 3553 esse
599 3490 681 3556 dixit
703 3490 908 3557 Aristonicus
931 3494 966 3557 in
990 3493 1112 3558 scholio
1136 3491 1351 3559 Choerobosci
1370 3516 1400 3577 p.
1415 3493 1457 3556 48

295 3595 352 3679 333
375 3616 471 3678 quam
498 3618 608 3662 vocem
637 3620 734 3682 supra
756 3621 786 3683 p.
808 3599 849 3664 79
873 3600 1071 3665 seiunximus
1097 3624 1116 3664 a
1141 3600 1363 3684 sequentibus,
1387 3621 1467 3684 quae

1459 3546 1469 3579 7

296 3759 429 3764 —--..—
438 3761 506 3768 „—

383 3844 410 3911 1)
429 3841 502 3897 Nam
520 3843 635 3914 Didymi
655 3845 690 3899 de
708 3845 832 3900 Hesiodo
850 3845 938 3900 libros
957 3845 1130 3916 conscriptos
1150 3861 1211 3900 esse
1229 3847 1294 3916 post
1313 3844 1467 3899 Aristonici

294 3928 347 3983 etsi
366 3947 416 3999 pro
436 3934 512 3986 certo
531 3933 718 3988 demonstrari
737 3934 844 4004 nequit,
863 3937 958 3989 tamen
977 3935 1010 3989 fit
1027 3934 1087 3989 veri
1107 3934 1198 3988 simile
1212 3934 1383 4004 comparatis
1397 3932 1467 3987 utri-

293 4035 381 4087 usque
400 4020 500 4075 studiis
519 4022 684 4089 Homericis,
703 4040 759 4090 qua
778 4023 813 4076 de
832 4040 862 4077 re
881 4023 1015 4077 disseruit
1028 4022 1207 4077 Ludwichius
1225 4023 1300 4078 hom.
1321 4023 1434 4078 Textkr.
1453 4022 1467 4075 I

291 4126 319 4177 p.
335 4113 368 4162 51
380 4126 419 4176 sq.
445 4109 628 4179 comprobata
651 4127 685 4164 ea
707 4110 816 4165 Lehrsii
842 4111 994 4180 sententia,
1023 4128 1058 4167 ex
1083 4128 1140 4183 qua
1161 4111 1338 4167 Aristonicus
1363 4110 1466 4164 librum

294 4213 375 4251 suum
393 4197 513 4267 scripsit,
533 4184 818 4268 antequamDidymi
838 4215 906 4269 opus
925 4201 956 4254 in
973 4200 1075 4270 vulgus
1094 4201 1203 4256 editum
1222 4203 1271 4256 est.

382 4289 410 4355 2)
429 4287 523 4340 Verba
546 4288 611 4340 sunt
634 4286 831 4357 Choerobosci,
856 4288 996 4344 sententia
1023 4289 1121 4360 procul
1145 4289 1231 4344 dubio
1257 4289 1408 4359 Didymea,
1434 4289 1465 4343 id

294 4375 369 4442 quod
393 4374 601 4429 demonstratur
623 4391 690 4430 voce
708 4374 902 4448 ἀναγνωστέον
925 4377 1076 4433 manifesto
1095 4378 1164 4433 artis
1184 4377 1300 4433 criticae
1318 4378 1465 4433 adhibitae

293 4462 406 4517 indicio.
