<?xml version="1.0" encoding="UTF-8"?>
<!DOCTYPE html PUBLIC "-//W3C//DTD XHTML 1.0 Transitional//EN"
    "http://www.w3.org/TR/xhtml1/DTD/xhtml1-transitional.dtd">
<html xmlns="http://www.w3.org/1999/xhtml" xml:lang="en" lang="en">
 <head>
  <title>
</title>
<meta http-equiv="Content-Type" content="text/html;charset=utf-8" />
  <meta name='ocr-system' content='tesseract 3.04.00' />
  <meta name='ocr-capabilities' content='ocr_page ocr_carea ocr_par ocr_line ocrx_word'/>
</head>
<body>
  <div class='ocr_page' id='page_1' title='image "./studiahesiodeas01dimigoog_0081.png"; bbox 0 0 3342 5168; ppageno 0'>
   <div class='ocr_carea' id='block_1_1' title="bbox 296 289 996 357">
    <p class='ocr_par' dir='ltr' id='par_1_1' title="bbox 296 289 996 357">
     <span class='ocr_line' id='line_1_1' title="bbox 296 289 996 357; baseline 0.001 -13"><span class='ocrx_word' id='word_1_1' title='bbox 296 292 339 357; x_wconf 80' lang='grc'>62</span> <span class='ocrx_word' id='word_1_2' title='bbox 765 289 878 345; x_wconf 76' lang='lat' dir='ltr'>Scholia</span> <span class='ocrx_word' id='word_1_3' title='bbox 896 289 996 345; x_wconf 87' lang='lat' dir='ltr'>Procli.</span> 
     </span>
    </p>
   </div>
   <div class='ocr_carea' id='block_1_2' title="bbox 296 450 1467 859">
    <p class='ocr_par' dir='ltr' id='par_1_2' title="bbox 296 450 1467 859">
     <span class='ocr_line' id='line_1_2' title="bbox 296 450 1467 539; baseline -0.003 -20"><span class='ocrx_word' id='word_1_4' title='bbox 296 451 463 519; x_wconf 75' lang='lat' dir='ltr'><strong>Nonnulla</strong></span> <span class='ocrx_word' id='word_1_5' title='bbox 486 457 517 517; x_wconf 92' lang='lat' dir='ltr'>et</span> <span class='ocrx_word' id='word_1_6' title='bbox 541 453 669 537; x_wconf 89' lang='lat' dir='ltr'>quidem</span> <span class='ocrx_word' id='word_1_7' title='bbox 691 451 786 537; x_wconf 87' lang='lat' dir='ltr'>plane</span> <span class='ocrx_word' id='word_1_8' title='bbox 808 451 1031 539; x_wconf 87' lang='lat' dir='ltr'>philosophica</span> <span class='ocrx_word' id='word_1_9' title='bbox 1054 452 1193 516; x_wconf 89' lang='lat' dir='ltr'>servavit</span> <span class='ocrx_word' id='word_1_10' title='bbox 1211 450 1325 517; x_wconf 82' lang='lat' dir='ltr'>Tzetza</span> <span class='ocrx_word' id='word_1_11' title='bbox 1346 474 1377 537; x_wconf 90' lang='lat' dir='ltr'>p.</span> <span class='ocrx_word' id='word_1_12' title='bbox 1395 451 1467 535; x_wconf 82' lang='lat'>138,</span> 
     </span>
     <span class='ocr_line' id='line_1_3' title="bbox 298 556 1467 645; baseline -0.002 -21"><span class='ocrx_word' id='word_1_13' title='bbox 298 560 436 625; x_wconf 87' lang='lat'>16—22.</span> <span class='ocrx_word' id='word_1_14' title='bbox 482 559 580 624; x_wconf 87' lang='lat' dir='ltr'>Plura</span> <span class='ocrx_word' id='word_1_15' title='bbox 608 559 706 623; x_wconf 89' lang='lat' dir='ltr'>habet</span> <span class='ocrx_word' id='word_1_16' title='bbox 734 559 818 623; x_wconf 92' lang='lat' dir='ltr'>idem</span> <span class='ocrx_word' id='word_1_17' title='bbox 843 558 881 622; x_wconf 91' lang='lat' dir='ltr'>de</span> <span class='ocrx_word' id='word_1_18' title='bbox 905 558 1021 642; x_wconf 88' lang='lat' dir='ltr'>etymis</span> <span class='ocrx_word' id='word_1_19' title='bbox 1044 557 1191 623; x_wconf 78' lang='lat' dir='ltr'>vocabuli</span> <span class='ocrx_word' id='word_1_20' title='bbox 1214 558 1302 644; x_wconf 78' lang='grc' dir='ltr'><strong><em>ἥρως</em></strong></span> <span class='ocrx_word' id='word_1_21' title='bbox 1325 556 1467 645; x_wconf 83' lang='lat' dir='ltr'>(etiamsi</span> 
     </span>
     <span class='ocr_line' id='line_1_4' title="bbox 296 663 1467 753; baseline -0.002 -23"><span class='ocrx_word' id='word_1_22' title='bbox 296 667 487 753; x_wconf 77' lang='lat' dir='ltr'>gravissima</span> <span class='ocrx_word' id='word_1_23' title='bbox 506 686 649 751; x_wconf 87' lang='lat' dir='ltr'>quaeque</span> <span class='ocrx_word' id='word_1_24' title='bbox 668 665 733 729; x_wconf 82' lang='lat' dir='ltr'>ianr</span> <span class='ocrx_word' id='word_1_25' title='bbox 750 665 786 730; x_wconf 92' lang='lat' dir='ltr'>in</span> <span class='ocrx_word' id='word_1_26' title='bbox 798 664 905 729; x_wconf 91' lang='lat' dir='ltr'>Procli</span> <span class='ocrx_word' id='word_1_27' title='bbox 924 665 1055 730; x_wconf 77' lang='lat' dir='ltr'>scholiis</span> <span class='ocrx_word' id='word_1_28' title='bbox 1074 663 1254 752; x_wconf 86' lang='lat' dir='ltr'>servantur)</span> <span class='ocrx_word' id='word_1_29' title='bbox 1273 686 1332 729; x_wconf 91' lang='lat' dir='ltr'>neo</span> <span class='ocrx_word' id='word_1_30' title='bbox 1351 664 1467 729; x_wconf 83' lang='lat' dir='ltr'>desunt</span> 
     </span>
     <span class='ocr_line' id='line_1_5' title="bbox 297 755 1466 859; baseline -0.003 -21"><span class='ocrx_word' id='word_1_31' title='bbox 297 773 410 838; x_wconf 91' lang='lat' dir='ltr'>solitae</span> <span class='ocrx_word' id='word_1_32' title='bbox 437 773 614 837; x_wconf 77' lang='lat' dir='ltr'>invectivae</span> <span class='ocrx_word' id='word_1_33' title='bbox 638 770 844 859; x_wconf 81' lang='grc'><strong>(11.138,1);</strong></span> <span class='ocrx_word' id='word_1_34' title='bbox 874 777 1039 857; x_wconf 79' lang='grc' dir='ltr'><em>ληροῦσι</em></span> <span class='ocrx_word' id='word_1_35' title='bbox 1067 773 1130 858; x_wconf 76' lang='grc' dir='ltr'>γὰρ</span> <span class='ocrx_word' id='word_1_36' title='bbox 1159 755 1271 837; x_wconf 61' lang='lat' dir='ltr'>droul</span> <span class='ocrx_word' id='word_1_37' title='bbox 1291 769 1366 836; x_wconf 78' lang='grc' dir='ltr'>θεοὶ</span> <span class='ocrx_word' id='word_1_38' title='bbox 1388 776 1466 854; x_wconf 73' lang='grc' dir='ltr'><strong>κτλ,</strong></span> 
     </span>
    </p>
   </div>
   <div class='ocr_carea' id='block_1_3' title="bbox 293 876 1505 4157">
    <p class='ocr_par' dir='ltr' id='par_1_3' title="bbox 293 876 1505 4157">
     <span class='ocr_line' id='line_1_6' title="bbox 295 876 1467 965; baseline -0.002 -22"><span class='ocrx_word' id='word_1_39' title='bbox 295 882 328 943; x_wconf 92' lang='lat' dir='ltr'>et</span> <span class='ocrx_word' id='word_1_40' title='bbox 350 902 382 963; x_wconf 90' lang='lat' dir='ltr'>p.</span> <span class='ocrx_word' id='word_1_41' title='bbox 403 878 481 964; x_wconf 80' lang='grc'><strong>137,</strong></span> <span class='ocrx_word' id='word_1_42' title='bbox 494 878 664 965; x_wconf 89' lang='grc'><strong>21-138,</strong></span> <span class='ocrx_word' id='word_1_43' title='bbox 679 878 720 943; x_wconf 98' lang='grc'>15</span> <span class='ocrx_word' id='word_1_44' title='bbox 742 877 849 943; x_wconf 90' lang='lat' dir='ltr'>Procli</span> <span class='ocrx_word' id='word_1_45' title='bbox 877 899 946 943; x_wconf 89' lang='lat' dir='ltr'>esse</span> <span class='ocrx_word' id='word_1_46' title='bbox 970 900 1029 943; x_wconf 90' lang='lat' dir='ltr'>sua</span> <span class='ocrx_word' id='word_1_47' title='bbox 1051 878 1120 963; x_wconf 92' lang='lat' dir='ltr'>ipse</span> <span class='ocrx_word' id='word_1_48' title='bbox 1144 877 1325 942; x_wconf 78' lang='lat' dir='ltr'>declaravit.</span> <span class='ocrx_word' id='word_1_49' title='bbox 1371 876 1467 942; x_wconf 92' lang='lat' dir='ltr'>Deni-</span> 
     </span>
     <span class='ocr_line' id='line_1_7' title="bbox 295 984 1467 1071; baseline -0.001 -22"><span class='ocrx_word' id='word_1_50' title='bbox 295 1007 357 1070; x_wconf 90' lang='lat' dir='ltr'>que</span> <span class='ocrx_word' id='word_1_51' title='bbox 374 1006 441 1050; x_wconf 91' lang='lat' dir='ltr'>non</span> <span class='ocrx_word' id='word_1_52' title='bbox 459 985 581 1069; x_wconf 90' lang='lat' dir='ltr'>dubito,</span> <span class='ocrx_word' id='word_1_53' title='bbox 600 984 829 1070; x_wconf 84' lang='lat' dir='ltr'>quinProolus</span> <span class='ocrx_word' id='word_1_54' title='bbox 848 985 946 1049; x_wconf 89' lang='lat' dir='ltr'>etiam</span> <span class='ocrx_word' id='word_1_55' title='bbox 965 984 1054 1049; x_wconf 80' lang='lat' dir='ltr'>illurn</span> <span class='ocrx_word' id='word_1_56' title='bbox 1073 984 1351 1071; x_wconf 74' lang='lat' dir='ltr'>significationem,</span> <span class='ocrx_word' id='word_1_57' title='bbox 1370 1006 1467 1068; x_wconf 89' lang='lat' dir='ltr'>quam</span> 
     </span>
     <span class='ocr_line' id='line_1_8' title="bbox 294 1089 1467 1176; baseline -0.001 -21"><span class='ocrx_word' id='word_1_58' title='bbox 294 1091 387 1156; x_wconf 91' lang='lat' dir='ltr'>Plato</span> <span class='ocrx_word' id='word_1_59' title='bbox 416 1091 555 1176; x_wconf 87' lang='lat' dir='ltr'>protulit</span> <span class='ocrx_word' id='word_1_60' title='bbox 581 1093 617 1155; x_wconf 92' lang='lat' dir='ltr'>in</span> <span class='ocrx_word' id='word_1_61' title='bbox 639 1089 771 1175; x_wconf 78' lang='lat' dir='ltr'>Gratylo</span> <span class='ocrx_word' id='word_1_62' title='bbox 795 1107 824 1175; x_wconf 93' lang='lat' dir='ltr'>p.</span> <span class='ocrx_word' id='word_1_63' title='bbox 844 1090 954 1176; x_wconf 88' lang='lat' dir='ltr'>398d,</span> <span class='ocrx_word' id='word_1_64' title='bbox 981 1091 1043 1156; x_wconf 88' lang='lat' dir='ltr'>hoc</span> <span class='ocrx_word' id='word_1_65' title='bbox 1069 1090 1141 1156; x_wconf 92' lang='lat' dir='ltr'>loco</span> <span class='ocrx_word' id='word_1_66' title='bbox 1169 1090 1367 1175; x_wconf 85' lang='lat' dir='ltr'>apposuerit,</span> <span class='ocrx_word' id='word_1_67' title='bbox 1394 1112 1467 1155; x_wconf 90' lang='lat' dir='ltr'>cum</span> 
     </span>
     <span class='ocr_line' id='line_1_9' title="bbox 297 1196 1466 1282; baseline -0.001 -20"><span class='ocrx_word' id='word_1_68' title='bbox 297 1198 468 1282; x_wconf 88' lang='lat' dir='ltr'>permultis</span> <span class='ocrx_word' id='word_1_69' title='bbox 500 1197 580 1263; x_wconf 88' lang='lat' dir='ltr'>locis</span> <span class='ocrx_word' id='word_1_70' title='bbox 608 1201 735 1263; x_wconf 89' lang='lat' dir='ltr'>constet</span> <span class='ocrx_word' id='word_1_71' title='bbox 763 1197 803 1261; x_wconf 88' lang='lat' dir='ltr'>ab</span> <span class='ocrx_word' id='word_1_72' title='bbox 831 1219 868 1262; x_wconf 92' lang='lat' dir='ltr'>eo</span> <span class='ocrx_word' id='word_1_73' title='bbox 896 1197 982 1262; x_wconf 92' lang='lat' dir='ltr'>hunc</span> <span class='ocrx_word' id='word_1_74' title='bbox 1010 1196 1174 1282; x_wconf 81' lang='lat' dir='ltr'>dialogum</span> <span class='ocrx_word' id='word_1_75' title='bbox 1201 1197 1388 1282; x_wconf 83' lang='lat' dir='ltr'>saepissime</span> <span class='ocrx_word' id='word_1_76' title='bbox 1415 1196 1466 1278; x_wconf 82' lang='lat' dir='ltr'>ad-</span> 
     </span>
     <span class='ocr_line' id='line_1_10' title="bbox 294 1301 1466 1391; baseline -0.001 -23"><span class='ocrx_word' id='word_1_77' title='bbox 294 1304 437 1369; x_wconf 86' lang='lat' dir='ltr'>hibitum</span> <span class='ocrx_word' id='word_1_78' title='bbox 466 1326 543 1369; x_wconf 89' lang='lat' dir='ltr'>esse.</span> <span class='ocrx_word' id='word_1_79' title='bbox 590 1301 711 1370; x_wconf 85' lang='lat' dir='ltr'>Contra</span> <span class='ocrx_word' id='word_1_80' title='bbox 739 1325 819 1388; x_wconf 89' lang='lat' dir='ltr'>quae</span> <span class='ocrx_word' id='word_1_81' title='bbox 842 1305 878 1367; x_wconf 93' lang='lat' dir='ltr'>in</span> <span class='ocrx_word' id='word_1_82' title='bbox 898 1301 1165 1391; x_wconf 76' lang='lat' dir='ltr'>Etymologicis1)</span> <span class='ocrx_word' id='word_1_83' title='bbox 1189 1307 1222 1367; x_wconf 89' lang='lat' dir='ltr'>et</span> <span class='ocrx_word' id='word_1_84' title='bbox 1244 1303 1330 1388; x_wconf 89' lang='lat' dir='ltr'>apud</span> <span class='ocrx_word' id='word_1_85' title='bbox 1351 1302 1466 1367; x_wconf 83' lang='grc'><strong>111111-</strong></span> 
     </span>
     <span class='ocr_line' id='line_1_11' title="bbox 297 1408 1467 1499; baseline -0.002 -24"><span class='ocrx_word' id='word_1_86' title='bbox 297 1408 435 1499; x_wconf 58' lang='grc'><strong>11111111)</strong></span> <span class='ocrx_word' id='word_1_87' title='bbox 471 1410 637 1497; x_wconf 80' lang='lat' dir='ltr'>leguntur,</span> <span class='ocrx_word' id='word_1_88' title='bbox 670 1432 707 1475; x_wconf 88' lang='lat' dir='ltr'>ea</span> <span class='ocrx_word' id='word_1_89' title='bbox 739 1410 885 1495; x_wconf 86' lang='lat' dir='ltr'>quamvis</span> <span class='ocrx_word' id='word_1_90' title='bbox 917 1410 1030 1475; x_wconf 91' lang='lat' dir='ltr'>multis</span> <span class='ocrx_word' id='word_1_91' title='bbox 1061 1410 1098 1474; x_wconf 88' lang='lat' dir='ltr'>in</span> <span class='ocrx_word' id='word_1_92' title='bbox 1128 1409 1223 1474; x_wconf 92' lang='lat' dir='ltr'>rebus</span> <span class='ocrx_word' id='word_1_93' title='bbox 1256 1409 1467 1494; x_wconf 90' lang='lat' dir='ltr'>consentiant,</span> 
     </span>
     <span class='ocr_line' id='line_1_12' title="bbox 298 1504 1466 1602; baseline -0.002 -20"><span class='ocrx_word' id='word_1_94' title='bbox 298 1521 408 1582; x_wconf 87' lang='lat' dir='ltr'>tamen</span> <span class='ocrx_word' id='word_1_95' title='bbox 429 1539 496 1582; x_wconf 91' lang='lat' dir='ltr'>non</span> <span class='ocrx_word' id='word_1_96' title='bbox 518 1517 680 1582; x_wconf 84' lang='lat' dir='ltr'>fluxenrnt</span> <span class='ocrx_word' id='word_1_97' title='bbox 703 1539 741 1581; x_wconf 87' lang='lat' dir='ltr'>ex</span> <span class='ocrx_word' id='word_1_98' title='bbox 759 1516 821 1581; x_wconf 91' lang='lat' dir='ltr'>hoc</span> <span class='ocrx_word' id='word_1_99' title='bbox 838 1518 937 1602; x_wconf 91' lang='lat' dir='ltr'>fonte,</span> <span class='ocrx_word' id='word_1_100' title='bbox 961 1517 1079 1602; x_wconf 90' lang='lat' dir='ltr'>quippe</span> <span class='ocrx_word' id='word_1_101' title='bbox 1098 1537 1179 1600; x_wconf 90' lang='lat' dir='ltr'>quae</span> <span class='ocrx_word' id='word_1_102' title='bbox 1196 1504 1233 1579; x_wconf 89' lang='lat' dir='ltr'>in</span> <span class='ocrx_word' id='word_1_103' title='bbox 1250 1539 1375 1581; x_wconf 88' lang='lat' dir='ltr'>summo</span> <span class='ocrx_word' id='word_1_104' title='bbox 1394 1538 1466 1581; x_wconf 90' lang='lat' dir='ltr'>con-</span> 
     </span>
     <span class='ocr_line' id='line_1_13' title="bbox 296 1623 1465 1708; baseline -0.001 -19"><span class='ocrx_word' id='word_1_105' title='bbox 296 1646 392 1689; x_wconf 89' lang='lat' dir='ltr'>sensu</span> <span class='ocrx_word' id='word_1_106' title='bbox 414 1625 570 1689; x_wconf 90' lang='lat' dir='ltr'>nonnulla</span> <span class='ocrx_word' id='word_1_107' title='bbox 591 1628 700 1688; x_wconf 87' lang='lat' dir='ltr'>tamen</span> <span class='ocrx_word' id='word_1_108' title='bbox 722 1624 907 1708; x_wconf 87' lang='lat' dir='ltr'>praebeant,</span> <span class='ocrx_word' id='word_1_109' title='bbox 931 1646 1013 1708; x_wconf 88' lang='lat' dir='ltr'>quae</span> <span class='ocrx_word' id='word_1_110' title='bbox 1031 1624 1071 1687; x_wconf 90' lang='lat' dir='ltr'>ab</span> <span class='ocrx_word' id='word_1_111' title='bbox 1090 1623 1151 1688; x_wconf 88' lang='lat' dir='ltr'>hac</span> <span class='ocrx_word' id='word_1_112' title='bbox 1169 1623 1314 1688; x_wconf 88' lang='lat' dir='ltr'>doctrina</span> <span class='ocrx_word' id='word_1_113' title='bbox 1332 1644 1465 1708; x_wconf 87' lang='lat' dir='ltr'>prorsus</span> 
     </span>
     <span class='ocr_line' id='line_1_14' title="bbox 296 1727 1465 1815; baseline -0.003 -19"><span class='ocrx_word' id='word_1_114' title='bbox 296 1735 371 1796; x_wconf 89' lang='lat' dir='ltr'>sunt</span> <span class='ocrx_word' id='word_1_115' title='bbox 390 1730 501 1796; x_wconf 85' lang='lat' dir='ltr'>aliena.</span> <span class='ocrx_word' id='word_1_116' title='bbox 533 1730 593 1794; x_wconf 82' lang='lat' dir='ltr'>Ex.</span> <span class='ocrx_word' id='word_1_117' title='bbox 613 1751 660 1815; x_wconf 87' lang='lat' dir='ltr'>gr.</span> <span class='ocrx_word' id='word_1_118' title='bbox 682 1751 764 1814; x_wconf 87' lang='lat' dir='ltr'>quae</span> <span class='ocrx_word' id='word_1_119' title='bbox 777 1751 947 1815; x_wconf 88' lang='lat' dir='ltr'>perperam</span> <span class='ocrx_word' id='word_1_120' title='bbox 961 1729 996 1794; x_wconf 92' lang='lat' dir='ltr'>in</span> <span class='ocrx_word' id='word_1_121' title='bbox 1008 1729 1116 1814; x_wconf 81' lang='lat' dir='ltr'>Etym.</span> <span class='ocrx_word' id='word_1_122' title='bbox 1132 1727 1278 1794; x_wconf 79' lang='lat' dir='ltr'>Gudiano</span> <span class='ocrx_word' id='word_1_123' title='bbox 1292 1752 1323 1814; x_wconf 91' lang='lat' dir='ltr'>p.</span> <span class='ocrx_word' id='word_1_124' title='bbox 1339 1729 1413 1813; x_wconf 86' lang='lat'>248,</span> <span class='ocrx_word' id='word_1_125' title='bbox 1422 1728 1465 1793; x_wconf 86' lang='lat'>56</span> 
     </span>
     <span class='ocr_line' id='line_1_15' title="bbox 295 1835 1465 1922; baseline -0.002 -20"><span class='ocrx_word' id='word_1_126' title='bbox 295 1839 333 1902; x_wconf 94' lang='lat' dir='ltr'>de</span> <span class='ocrx_word' id='word_1_127' title='bbox 351 1836 496 1903; x_wconf 73' lang='lat' dir='ltr'>Platonis</span> <span class='ocrx_word' id='word_1_128' title='bbox 520 1836 680 1902; x_wconf 88' lang='lat' dir='ltr'>sententia</span> <span class='ocrx_word' id='word_1_129' title='bbox 698 1836 880 1917; x_wconf 84' lang='lat' dir='ltr'>traduntur,</span> <span class='ocrx_word' id='word_1_130' title='bbox 903 1859 940 1901; x_wconf 91' lang='lat' dir='ltr'>ea</span> <span class='ocrx_word' id='word_1_131' title='bbox 957 1835 1089 1902; x_wconf 85' lang='lat' dir='ltr'>Procius</span> <span class='ocrx_word' id='word_1_132' title='bbox 1109 1837 1246 1901; x_wconf 86' lang='lat' dir='ltr'>scribere</span> <span class='ocrx_word' id='word_1_133' title='bbox 1264 1858 1331 1901; x_wconf 91' lang='lat' dir='ltr'>non</span> <span class='ocrx_word' id='word_1_134' title='bbox 1348 1837 1465 1922; x_wconf 91' lang='lat' dir='ltr'>potuit.</span> 
     </span>
     <span class='ocr_line' id='line_1_16' title="bbox 295 1942 1466 2029; baseline -0.002 -20"><span class='ocrx_word' id='word_1_135' title='bbox 295 1942 357 2009; x_wconf 91' lang='lat' dir='ltr'>Vel</span> <span class='ocrx_word' id='word_1_136' title='bbox 380 1965 475 2028; x_wconf 89' lang='lat' dir='ltr'>quem</span> <span class='ocrx_word' id='word_1_137' title='bbox 498 1943 547 2008; x_wconf 92' lang='lat' dir='ltr'>illi</span> <span class='ocrx_word' id='word_1_138' title='bbox 570 1943 689 2008; x_wconf 90' lang='lat' dir='ltr'>mirum</span> <span class='ocrx_word' id='word_1_139' title='bbox 710 1944 747 2006; x_wconf 90' lang='lat' dir='ltr'>in</span> <span class='ocrx_word' id='word_1_140' title='bbox 768 1942 899 2008; x_wconf 89' lang='lat' dir='ltr'>modurn</span> <span class='ocrx_word' id='word_1_141' title='bbox 922 1965 960 2007; x_wconf 83' lang='lat' dir='ltr'>ex</span> <span class='ocrx_word' id='word_1_142' title='bbox 977 1942 1121 2009; x_wconf 89' lang='lat' dir='ltr'>Hesiodo</span> <span class='ocrx_word' id='word_1_143' title='bbox 1144 1946 1311 2029; x_wconf 89' lang='lat' dir='ltr'>apponunt</span> <span class='ocrx_word' id='word_1_144' title='bbox 1329 1965 1466 2028; x_wconf 89' lang='lat' dir='ltr'>versum,</span> 
     </span>
     <span class='ocr_line' id='line_1_17' title="bbox 295 2049 1465 2136; baseline -0.001 -22"><span class='ocrx_word' id='word_1_145' title='bbox 295 2072 368 2114; x_wconf 89' lang='lat' dir='ltr'>eum</span> <span class='ocrx_word' id='word_1_146' title='bbox 395 2050 435 2115; x_wconf 89' lang='lat' dir='ltr'>ad</span> <span class='ocrx_word' id='word_1_147' title='bbox 461 2049 574 2114; x_wconf 69' lang='lat' dir='ltr'>heroes</span> <span class='ocrx_word' id='word_1_148' title='bbox 600 2070 667 2114; x_wconf 90' lang='lat' dir='ltr'>non</span> <span class='ocrx_word' id='word_1_149' title='bbox 688 2050 850 2135; x_wconf 88' lang='lat' dir='ltr'>pertinere</span> <span class='ocrx_word' id='word_1_150' title='bbox 874 2072 913 2113; x_wconf 82' lang='lat' dir='ltr'>ex</span> <span class='ocrx_word' id='word_1_151' title='bbox 937 2072 974 2114; x_wconf 92' lang='lat' dir='ltr'>eo</span> <span class='ocrx_word' id='word_1_152' title='bbox 998 2050 1139 2135; x_wconf 91' lang='lat' dir='ltr'>quidem,</span> <span class='ocrx_word' id='word_1_153' title='bbox 1168 2050 1224 2134; x_wconf 92' lang='lat' dir='ltr'>qui</span> <span class='ocrx_word' id='word_1_154' title='bbox 1246 2053 1365 2136; x_wconf 84' lang='lat' dir='ltr'>exstat,</span> <span class='ocrx_word' id='word_1_155' title='bbox 1393 2071 1465 2113; x_wconf 90' lang='lat' dir='ltr'>con·</span> 
     </span>
     <span class='ocr_line' id='line_1_18' title="bbox 295 2154 1465 2240; baseline -0.002 -20"><span class='ocrx_word' id='word_1_156' title='bbox 295 2160 389 2220; x_wconf 86' lang='lat' dir='ltr'>textu</span> <span class='ocrx_word' id='word_1_157' title='bbox 416 2155 624 2231; x_wconf 83' lang='lat' dir='ltr'>manifestum</span> <span class='ocrx_word' id='word_1_158' title='bbox 653 2159 716 2221; x_wconf 92' lang='lat' dir='ltr'>est:</span> <span class='ocrx_word' id='word_1_159' title='bbox 744 2177 820 2240; x_wconf 83' lang='lat' dir='ltr'>ergo</span> <span class='ocrx_word' id='word_1_160' title='bbox 844 2159 914 2220; x_wconf 88' lang='lat' dir='ltr'>tota</span> <span class='ocrx_word' id='word_1_161' title='bbox 937 2156 1114 2240; x_wconf 91' lang='lat' dir='ltr'>disputatio</span> <span class='ocrx_word' id='word_1_162' title='bbox 1137 2177 1176 2219; x_wconf 87' lang='lat' dir='ltr'>ex</span> <span class='ocrx_word' id='word_1_163' title='bbox 1198 2154 1359 2220; x_wconf 92' lang='lat' dir='ltr'>Hesiodeo</span> <span class='ocrx_word' id='word_1_164' title='bbox 1383 2177 1465 2219; x_wconf 87' lang='lat' dir='ltr'>com·</span> 
     </span>
     <span class='ocr_line' id='line_1_19' title="bbox 296 2259 1466 2327; baseline 0 -1"><span class='ocrx_word' id='word_1_165' title='bbox 296 2261 455 2326; x_wconf 83' lang='lat' dir='ltr'>mentorio</span> <span class='ocrx_word' id='word_1_166' title='bbox 477 2282 543 2325; x_wconf 90' lang='lat' dir='ltr'>non</span> <span class='ocrx_word' id='word_1_167' title='bbox 565 2260 717 2326; x_wconf 86' lang='lat' dir='ltr'>manavit.</span> <span class='ocrx_word' id='word_1_168' title='bbox 755 2259 823 2326; x_wconf 89' lang='lat' dir='ltr'>Neo</span> <span class='ocrx_word' id='word_1_169' title='bbox 845 2261 993 2326; x_wconf 83' lang='lat' dir='ltr'>iuvamur</span> <span class='ocrx_word' id='word_1_170' title='bbox 1019 2265 1145 2327; x_wconf 88' lang='lat' dir='ltr'>mutato</span> <span class='ocrx_word' id='word_1_171' title='bbox 1175 2262 1305 2327; x_wconf 90' lang='lat' dir='ltr'>nomine</span> <span class='ocrx_word' id='word_1_172' title='bbox 1330 2260 1466 2326; x_wconf 89' lang='lat' dir='ltr'>Hesiodi</span> 
     </span>
     <span class='ocr_line' id='line_1_20' title="bbox 294 2366 1465 2453; baseline 0 -21"><span class='ocrx_word' id='word_1_173' title='bbox 294 2368 331 2431; x_wconf 90' lang='lat' dir='ltr'>in</span> <span class='ocrx_word' id='word_1_174' title='bbox 357 2389 474 2432; x_wconf 92' lang='lat' dir='ltr'>nomen</span> <span class='ocrx_word' id='word_1_175' title='bbox 501 2366 673 2432; x_wconf 91' lang='lat' dir='ltr'>cuiuslibet</span> <span class='ocrx_word' id='word_1_176' title='bbox 700 2368 914 2453; x_wconf 82' lang='lat' dir='ltr'>grammatici:</span> <span class='ocrx_word' id='word_1_177' title='bbox 946 2371 1054 2432; x_wconf 91' lang='lat' dir='ltr'>manet</span> <span class='ocrx_word' id='word_1_178' title='bbox 1082 2368 1181 2452; x_wconf 92' lang='lat' dir='ltr'>enim,</span> <span class='ocrx_word' id='word_1_179' title='bbox 1214 2368 1270 2452; x_wconf 88' lang='lat' dir='ltr'>qui</span> <span class='ocrx_word' id='word_1_180' title='bbox 1297 2368 1465 2453; x_wconf 89' lang='lat' dir='ltr'>appositus</span> 
     </span>
     <span class='ocr_line' id='line_1_21' title="bbox 296 2472 1466 2563; baseline -0.002 -23"><span class='ocrx_word' id='word_1_181' title='bbox 296 2479 354 2563; x_wconf 88' lang='lat' dir='ltr'>est,</span> <span class='ocrx_word' id='word_1_182' title='bbox 380 2497 492 2540; x_wconf 88' lang='lat' dir='ltr'>versus</span> <span class='ocrx_word' id='word_1_183' title='bbox 515 2472 703 2540; x_wconf 87' lang='lat' dir='ltr'>Hesiodeus.</span> <span class='ocrx_word' id='word_1_184' title='bbox 749 2474 837 2541; x_wconf 86' lang='lat' dir='ltr'>Haeo</span> <span class='ocrx_word' id='word_1_185' title='bbox 865 2479 914 2539; x_wconf 92' lang='lat' dir='ltr'>est</span> <span class='ocrx_word' id='word_1_186' title='bbox 937 2496 1048 2562; x_wconf 86' lang='lat' dir='ltr'>eausa,</span> <span class='ocrx_word' id='word_1_187' title='bbox 1071 2496 1127 2539; x_wconf 88' lang='lat' dir='ltr'>cur</span> <span class='ocrx_word' id='word_1_188' title='bbox 1149 2473 1327 2540; x_wconf 86' lang='lat' dir='ltr'>Aristonici</span> <span class='ocrx_word' id='word_1_189' title='bbox 1347 2496 1466 2539; x_wconf 90' lang='lat' dir='ltr'>nomen</span> 
     </span>
     <span class='ocr_line' id='line_1_22' title="bbox 295 2579 1465 2667; baseline 0.001 -22"><span class='ocrx_word' id='word_1_190' title='bbox 295 2603 334 2645; x_wconf 83' lang='lat' dir='ltr'>ex</span> <span class='ocrx_word' id='word_1_191' title='bbox 360 2581 469 2665; x_wconf 82' lang='lat' dir='ltr'>Etym.</span> <span class='ocrx_word' id='word_1_192' title='bbox 498 2579 645 2646; x_wconf 79' lang='lat' dir='ltr'>Gudiano</span> <span class='ocrx_word' id='word_1_193' title='bbox 668 2605 701 2667; x_wconf 91' lang='lat' dir='ltr'>p.</span> <span class='ocrx_word' id='word_1_194' title='bbox 721 2581 800 2666; x_wconf 85' lang='lat'>248,</span> <span class='ocrx_word' id='word_1_195' title='bbox 818 2581 861 2646; x_wconf 88' lang='grc'>58</span> <span class='ocrx_word' id='word_1_196' title='bbox 894 2583 929 2646; x_wconf 93' lang='lat' dir='ltr'>in</span> <span class='ocrx_word' id='word_1_197' title='bbox 960 2580 1081 2647; x_wconf 88' lang='lat' dir='ltr'>scholia</span> <span class='ocrx_word' id='word_1_198' title='bbox 1112 2581 1369 2647; x_wconf 85' lang='lat' dir='ltr'>transferendum</span> <span class='ocrx_word' id='word_1_199' title='bbox 1396 2604 1465 2646; x_wconf 89' lang='lat' dir='ltr'>esse</span> 
     </span>
     <span class='ocr_line' id='line_1_23' title="bbox 293 2674 1465 2775; baseline 0.001 -23"><span class='ocrx_word' id='word_1_200' title='bbox 293 2708 420 2773; x_wconf 82' lang='lat' dir='ltr'>negem,</span> <span class='ocrx_word' id='word_1_201' title='bbox 447 2687 523 2753; x_wconf 86' lang='grc'><strong>11111</strong></span> <span class='ocrx_word' id='word_1_202' title='bbox 551 2687 607 2752; x_wconf 92' lang='lat' dir='ltr'>ille</span> <span class='ocrx_word' id='word_1_203' title='bbox 634 2674 746 2753; x_wconf 86' lang='lat' dir='ltr'>auctor</span> <span class='ocrx_word' id='word_1_204' title='bbox 774 2688 941 2753; x_wconf 88' lang='lat' dir='ltr'>cuiusdam</span> <span class='ocrx_word' id='word_1_205' title='bbox 965 2688 1142 2753; x_wconf 87' lang='lat' dir='ltr'>sententiae</span> <span class='ocrx_word' id='word_1_206' title='bbox 1165 2688 1357 2775; x_wconf 88' lang='lat' dir='ltr'>appelletur,</span> <span class='ocrx_word' id='word_1_207' title='bbox 1383 2711 1465 2773; x_wconf 88' lang='lat' dir='ltr'>quae</span> 
     </span>
     <span class='ocr_line' id='line_1_24' title="bbox 294 2793 1465 2880; baseline 0.001 -21"><span class='ocrx_word' id='word_1_208' title='bbox 294 2795 393 2859; x_wconf 89' lang='lat' dir='ltr'>etiam</span> <span class='ocrx_word' id='word_1_209' title='bbox 420 2794 455 2858; x_wconf 93' lang='lat' dir='ltr'>in</span> <span class='ocrx_word' id='word_1_210' title='bbox 483 2794 615 2860; x_wconf 89' lang='lat' dir='ltr'>scholiis</span> <span class='ocrx_word' id='word_1_211' title='bbox 644 2794 791 2860; x_wconf 89' lang='lat' dir='ltr'>occurrit.</span> <span class='ocrx_word' id='word_1_212' title='bbox 838 2793 901 2859; x_wconf 85' lang='lat' dir='ltr'>Sed</span> <span class='ocrx_word' id='word_1_213' title='bbox 927 2795 1065 2859; x_wconf 84' lang='lat' dir='ltr'>fortasse</span> <span class='ocrx_word' id='word_1_214' title='bbox 1087 2794 1161 2860; x_wconf 85' lang='lat' dir='ltr'>fons</span> <span class='ocrx_word' id='word_1_215' title='bbox 1184 2794 1247 2859; x_wconf 89' lang='lat' dir='ltr'>fuit</span> <span class='ocrx_word' id='word_1_216' title='bbox 1269 2795 1305 2859; x_wconf 92' lang='lat' dir='ltr'>in</span> <span class='ocrx_word' id='word_1_217' title='bbox 1327 2795 1465 2880; x_wconf 91' lang='lat' dir='ltr'>quodam</span> 
     </span>
     <span class='ocr_line' id='line_1_25' title="bbox 293 2898 1466 2987; baseline -0.001 -22"><span class='ocrx_word' id='word_1_218' title='bbox 293 2902 438 2986; x_wconf 88' lang='lat' dir='ltr'>pleniore</span> <span class='ocrx_word' id='word_1_219' title='bbox 457 2900 580 2966; x_wconf 91' lang='lat' dir='ltr'>scholio</span> <span class='ocrx_word' id='word_1_220' title='bbox 598 2900 771 2966; x_wconf 90' lang='lat' dir='ltr'>Homerico</span> <span class='ocrx_word' id='word_1_221' title='bbox 791 2900 831 2965; x_wconf 89' lang='lat' dir='ltr'>ad</span> <span class='ocrx_word' id='word_1_222' title='bbox 849 2898 879 2963; x_wconf 87' lang='grc' dir='ltr'><strong>Α</strong></span> <span class='ocrx_word' id='word_1_223' title='bbox 898 2900 919 2964; x_wconf 88' lang='grc'><strong>3</strong></span> <span class='ocrx_word' id='word_1_224' title='bbox 938 2901 1109 2987; x_wconf 88' lang='lat' dir='ltr'>adscripto,</span> <span class='ocrx_word' id='word_1_225' title='bbox 1131 2901 1189 2965; x_wconf 90' lang='lat' dir='ltr'>ubi</span> <span class='ocrx_word' id='word_1_226' title='bbox 1207 2901 1291 2965; x_wconf 91' lang='lat' dir='ltr'>idem</span> <span class='ocrx_word' id='word_1_227' title='bbox 1309 2905 1358 2966; x_wconf 91' lang='lat' dir='ltr'>est</span> <span class='ocrx_word' id='word_1_228' title='bbox 1377 2923 1466 2966; x_wconf 90' lang='lat' dir='ltr'>error</span> 
     </span>
     <span class='ocr_line' id='line_1_26' title="bbox 294 3005 1462 3091; baseline 0 -20"><span class='ocrx_word' id='word_1_229' title='bbox 294 3007 329 3071; x_wconf 92' lang='lat' dir='ltr'>in</span> <span class='ocrx_word' id='word_1_230' title='bbox 350 3007 508 3072; x_wconf 86' lang='lat' dir='ltr'>laudando</span> <span class='ocrx_word' id='word_1_231' title='bbox 531 3005 684 3072; x_wconf 88' lang='lat' dir='ltr'>Hesiodo.</span> <span class='ocrx_word' id='word_1_232' title='bbox 730 3006 835 3081; x_wconf 74' lang='lat' dir='ltr'>Quare</span> <span class='ocrx_word' id='word_1_233' title='bbox 857 3007 892 3069; x_wconf 91' lang='lat' dir='ltr'>in</span> <span class='ocrx_word' id='word_1_234' title='bbox 913 3007 1018 3072; x_wconf 90' lang='lat' dir='ltr'>medio</span> <span class='ocrx_word' id='word_1_235' title='bbox 1041 3006 1248 3091; x_wconf 86' lang='lat' dir='ltr'>relinquenda</span> <span class='ocrx_word' id='word_1_236' title='bbox 1271 3011 1320 3071; x_wconf 92' lang='lat' dir='ltr'>est</span> <span class='ocrx_word' id='word_1_237' title='bbox 1342 3031 1401 3072; x_wconf 81' lang='lat' dir='ltr'>res.</span> <span class='ocrx_word' id='word_1_238' title='bbox 1423 3046 1462 3057; x_wconf 92' lang='lat'><em>-</em></span> 
     </span>
     <span class='ocr_line' id='line_1_27' title="bbox 296 3110 1465 3198; baseline 0.002 -22"><span class='ocrx_word' id='word_1_239' title='bbox 296 3110 402 3176; x_wconf 87' lang='lat' dir='ltr'>Multo</span> <span class='ocrx_word' id='word_1_240' title='bbox 431 3113 548 3176; x_wconf 87' lang='lat' dir='ltr'>certius</span> <span class='ocrx_word' id='word_1_241' title='bbox 575 3116 656 3196; x_wconf 86' lang='lat' dir='ltr'>puto</span> <span class='ocrx_word' id='word_1_242' title='bbox 684 3112 838 3176; x_wconf 88' lang='lat' dir='ltr'>affirmari</span> <span class='ocrx_word' id='word_1_243' title='bbox 861 3112 901 3177; x_wconf 89' lang='lat' dir='ltr'>ad</span> <span class='ocrx_word' id='word_1_244' title='bbox 923 3136 951 3177; x_wconf 93' lang='lat' dir='ltr'>v.</span> <span class='ocrx_word' id='word_1_245' title='bbox 972 3113 1034 3177; x_wconf 87' lang='grc'>161</span> <span class='ocrx_word' id='word_1_246' title='bbox 1060 3118 1092 3179; x_wconf 87' lang='grc'>11</span> <span class='ocrx_word' id='word_1_247' title='bbox 1117 3114 1179 3178; x_wconf 88' lang='grc'>168</span> <span class='ocrx_word' id='word_1_248' title='bbox 1203 3117 1331 3198; x_wconf 86' lang='lat' dir='ltr'>praeter</span> <span class='ocrx_word' id='word_1_249' title='bbox 1353 3115 1409 3179; x_wconf 87' lang='lat' dir='ltr'>illa</span> <span class='ocrx_word' id='word_1_250' title='bbox 1430 3115 1465 3178; x_wconf 90' lang='lat' dir='ltr'>in</span> 
     </span>
     <span class='ocr_line' id='line_1_28' title="bbox 294 3216 1465 3305; baseline 0.003 -24"><span class='ocrx_word' id='word_1_251' title='bbox 294 3241 324 3302; x_wconf 88' lang='lat' dir='ltr'>p.</span> <span class='ocrx_word' id='word_1_252' title='bbox 346 3216 424 3305; x_wconf 87' lang='grc'><strong>140,</strong></span> <span class='ocrx_word' id='word_1_253' title='bbox 438 3218 562 3303; x_wconf 87' lang='grc'><strong>9-12,</strong></span> <span class='ocrx_word' id='word_1_254' title='bbox 587 3217 971 3303; x_wconf 90' lang='grc'><strong>141,11-12,16-18</strong></span> <span class='ocrx_word' id='word_1_255' title='bbox 1000 3219 1098 3284; x_wconf 87' lang='lat' dir='ltr'>etiam</span> <span class='ocrx_word' id='word_1_256' title='bbox 1126 3243 1163 3284; x_wconf 90' lang='lat' dir='ltr'>ea</span> <span class='ocrx_word' id='word_1_257' title='bbox 1184 3219 1298 3285; x_wconf 87' lang='lat' dir='ltr'>Proolo</span> <span class='ocrx_word' id='word_1_258' title='bbox 1322 3242 1390 3285; x_wconf 91' lang='lat' dir='ltr'>esse</span> <span class='ocrx_word' id='word_1_259' title='bbox 1413 3220 1465 3285; x_wconf 89' lang='lat' dir='ltr'>ad-</span> 
     </span>
     <span class='ocr_line' id='line_1_29' title="bbox 294 3323 1464 3411; baseline 0.002 -23"><span class='ocrx_word' id='word_1_260' title='bbox 294 3323 479 3411; x_wconf 84' lang='lat' dir='ltr'>iudicanda,</span> <span class='ocrx_word' id='word_1_261' title='bbox 519 3346 601 3408; x_wconf 91' lang='lat' dir='ltr'>quae</span> <span class='ocrx_word' id='word_1_262' title='bbox 641 3346 698 3408; x_wconf 91' lang='lat' dir='ltr'>per</span> <span class='ocrx_word' id='word_1_263' title='bbox 736 3325 845 3403; x_wconf 62' lang='lat' dir='ltr'>arsag</span> <span class='ocrx_word' id='word_1_264' title='bbox 880 3327 1089 3411; x_wconf 76' lang='lat' dir='ltr'>grammatico</span> <span class='ocrx_word' id='word_1_265' title='bbox 1125 3327 1226 3390; x_wconf 85' lang='lat' dir='ltr'>veteri</span> <span class='ocrx_word' id='word_1_266' title='bbox 1262 3327 1464 3392; x_wconf 79' lang='lat' dir='ltr'>vindicantur</span> 
     </span>
     <span class='ocr_line' id='line_1_30' title="bbox 294 3429 1465 3520; baseline 0.003 -26"><span class='ocrx_word' id='word_1_267' title='bbox 294 3453 324 3514; x_wconf 88' lang='lat' dir='ltr'>p.</span> <span class='ocrx_word' id='word_1_268' title='bbox 341 3429 790 3516; x_wconf 88' lang='grc'><strong>140,12-141,3,19-21.</strong></span> <span class='ocrx_word' id='word_1_269' title='bbox 827 3429 941 3516; x_wconf 90' lang='lat' dir='ltr'>Neque</span> <span class='ocrx_word' id='word_1_270' title='bbox 960 3432 1045 3496; x_wconf 92' lang='lat' dir='ltr'>enim</span> <span class='ocrx_word' id='word_1_271' title='bbox 1063 3431 1168 3496; x_wconf 89' lang='lat' dir='ltr'>solum</span> <span class='ocrx_word' id='word_1_272' title='bbox 1186 3432 1233 3496; x_wconf 87' lang='lat' dir='ltr'>ita</span> <span class='ocrx_word' id='word_1_273' title='bbox 1251 3434 1465 3520; x_wconf 89' lang='lat' dir='ltr'>consentiunt,</span> 
     </span>
     <span class='ocr_line' id='line_1_31' title="bbox 294 3536 1464 3624; baseline 0.003 -24"><span class='ocrx_word' id='word_1_274' title='bbox 294 3540 332 3600; x_wconf 88' lang='lat' dir='ltr'>ut</span> <span class='ocrx_word' id='word_1_275' title='bbox 368 3536 510 3601; x_wconf 90' lang='lat' dir='ltr'>eiusdem</span> <span class='ocrx_word' id='word_1_276' title='bbox 545 3537 684 3602; x_wconf 88' lang='lat' dir='ltr'>auctoris</span> <span class='ocrx_word' id='word_1_277' title='bbox 716 3537 898 3624; x_wconf 91' lang='lat' dir='ltr'>videantur,</span> <span class='ocrx_word' id='word_1_278' title='bbox 934 3560 1045 3603; x_wconf 89' lang='lat' dir='ltr'>verum</span> <span class='ocrx_word' id='word_1_279' title='bbox 1076 3537 1174 3602; x_wconf 86' lang='lat' dir='ltr'>etiam</span> <span class='ocrx_word' id='word_1_280' title='bbox 1205 3538 1292 3603; x_wconf 85' lang='lat' dir='ltr'>i‘acili</span> <span class='ocrx_word' id='word_1_281' title='bbox 1323 3540 1464 3604; x_wconf 87' lang='lat' dir='ltr'>transitu</span> 
     </span>
     <span class='ocr_line' id='line_1_32' title="bbox 295 3642 1505 3729; baseline 0.003 -22"><span class='ocrx_word' id='word_1_282' title='bbox 295 3642 478 3727; x_wconf 87' lang='lat' dir='ltr'>posteriora</span> <span class='ocrx_word' id='word_1_283' title='bbox 508 3643 618 3728; x_wconf 87' lang='lat' dir='ltr'>priora</span> <span class='ocrx_word' id='word_1_284' title='bbox 650 3645 820 3728; x_wconf 86' lang='lat' dir='ltr'>excipiunt.</span> <span class='ocrx_word' id='word_1_285' title='bbox 866 3644 1034 3709; x_wconf 89' lang='lat' dir='ltr'>Praeterea</span> <span class='ocrx_word' id='word_1_286' title='bbox 1065 3643 1174 3708; x_wconf 89' lang='lat' dir='ltr'>eadem</span> <span class='ocrx_word' id='word_1_287' title='bbox 1206 3645 1291 3729; x_wconf 87' lang='lat' dir='ltr'>apud</span> <span class='ocrx_word' id='word_1_288' title='bbox 1317 3645 1465 3711; x_wconf 82' lang='lat' dir='ltr'>Taetzam</span> <span class='ocrx_word' id='word_1_289' title='bbox 1503 3718 1505 3722; x_wconf 22' lang='lat'><strong><em>¹</em></strong></span> 
     </span>
     <span class='ocr_line' id='line_1_33' title="bbox 295 3749 1465 3838; baseline 0.003 -25"><span class='ocrx_word' id='word_1_290' title='bbox 295 3771 422 3834; x_wconf 92' lang='lat' dir='ltr'>quoque</span> <span class='ocrx_word' id='word_1_291' title='bbox 440 3749 657 3838; x_wconf 90' lang='lat' dir='ltr'>inveniuntur,</span> <span class='ocrx_word' id='word_1_292' title='bbox 674 3775 705 3837; x_wconf 91' lang='lat' dir='ltr'>p.</span> <span class='ocrx_word' id='word_1_293' title='bbox 719 3750 782 3816; x_wconf 89' lang='grc'>139</span> <span class='ocrx_word' id='word_1_294' title='bbox 796 3751 860 3836; x_wconf 87' lang='lat' dir='ltr'>fin,</span> <span class='ocrx_word' id='word_1_295' title='bbox 879 3753 911 3814; x_wconf 94' lang='grc'>11</span> <span class='ocrx_word' id='word_1_296' title='bbox 930 3750 1058 3834; x_wconf 91' lang='lat' dir='ltr'>quidem</span> <span class='ocrx_word' id='word_1_297' title='bbox 1072 3750 1275 3815; x_wconf 87' lang='lat' dir='ltr'>coniunctim.</span> <span class='ocrx_word' id='word_1_298' title='bbox 1289 3789 1327 3798; x_wconf 95' lang='lat'><em>-</em></span> <span class='ocrx_word' id='word_1_299' title='bbox 1339 3751 1465 3817; x_wconf 83' lang='lat' dir='ltr'>Eodem</span> 
     </span>
     <span class='ocr_line' id='line_1_34' title="bbox 294 3855 1465 3943; baseline 0.003 -24"><span class='ocrx_word' id='word_1_300' title='bbox 294 3855 388 3921; x_wconf 92' lang='lat' dir='ltr'>modo</span> <span class='ocrx_word' id='word_1_301' title='bbox 417 3878 498 3941; x_wconf 89' lang='lat' dir='ltr'>quae</span> <span class='ocrx_word' id='word_1_302' title='bbox 524 3856 657 3922; x_wconf 87' lang='lat' dir='ltr'>Procius</span> <span class='ocrx_word' id='word_1_303' title='bbox 684 3856 783 3922; x_wconf 89' lang='lat' dir='ltr'>habet</span> <span class='ocrx_word' id='word_1_304' title='bbox 811 3857 851 3921; x_wconf 89' lang='lat' dir='ltr'>ad</span> <span class='ocrx_word' id='word_1_305' title='bbox 879 3879 907 3920; x_wconf 95' lang='lat' dir='ltr'>v.</span> <span class='ocrx_word' id='word_1_306' title='bbox 936 3855 999 3920; x_wconf 89' lang='grc'>169</span> <span class='ocrx_word' id='word_1_307' title='bbox 1022 3879 1051 3940; x_wconf 90' lang='lat' dir='ltr'>p.</span> <span class='ocrx_word' id='word_1_308' title='bbox 1073 3856 1147 3943; x_wconf 91' lang='lat'>142,</span> <span class='ocrx_word' id='word_1_309' title='bbox 1160 3855 1284 3943; x_wconf 90' lang='grc'><strong>4-16,</strong></span> <span class='ocrx_word' id='word_1_310' title='bbox 1314 3858 1360 3922; x_wconf 84' lang='grc'>111</span> <span class='ocrx_word' id='word_1_311' title='bbox 1388 3862 1465 3923; x_wconf 89' lang='lat' dir='ltr'>sunt</span> 
     </span>
     <span class='ocr_line' id='line_1_35' title="bbox 294 3961 1462 4049; baseline 0.002 -22"><span class='ocrx_word' id='word_1_312' title='bbox 294 3961 448 4049; x_wconf 89' lang='lat' dir='ltr'>addenda,</span> <span class='ocrx_word' id='word_1_313' title='bbox 485 3985 702 4049; x_wconf 86' lang='lat' dir='ltr'>quaecumque</span> <span class='ocrx_word' id='word_1_314' title='bbox 738 3963 823 4047; x_wconf 87' lang='lat' dir='ltr'>apud</span> <span class='ocrx_word' id='word_1_315' title='bbox 854 3962 1002 4027; x_wconf 75' lang='grc'><strong>11111111</strong></span> <span class='ocrx_word' id='word_1_316' title='bbox 1032 3963 1184 4048; x_wconf 80' lang='lat' dir='ltr'>leguntur</span> <span class='ocrx_word' id='word_1_317' title='bbox 1215 3987 1245 4048; x_wconf 90' lang='lat' dir='ltr'>p.</span> <span class='ocrx_word' id='word_1_318' title='bbox 1276 3963 1353 4049; x_wconf 92' lang='lat'>142,</span> <span class='ocrx_word' id='word_1_319' title='bbox 1372 3964 1462 4029; x_wconf 91' lang='grc'>20-</span> 
     </span>
     <span class='ocr_line' id='line_1_36' title="bbox 296 4066 1467 4157; baseline 0.004 -27"><span class='ocrx_word' id='word_1_320' title='bbox 296 4068 373 4155; x_wconf 89' lang='grc'><strong>144,</strong></span> <span class='ocrx_word' id='word_1_321' title='bbox 391 4068 426 4154; x_wconf 92' lang='grc'><strong>5,</strong></span> <span class='ocrx_word' id='word_1_322' title='bbox 457 4072 494 4132; x_wconf 93' lang='grc'>11</span> <span class='ocrx_word' id='word_1_323' title='bbox 523 4067 739 4134; x_wconf 86' lang='lat' dir='ltr'>Philostratea</span> <span class='ocrx_word' id='word_1_324' title='bbox 771 4066 913 4157; x_wconf 79' lang='grc'><strong>(111111.</strong></span> <span class='ocrx_word' id='word_1_325' title='bbox 941 4067 1002 4154; x_wconf 83' lang='lat' dir='ltr'>Ap.</span> <span class='ocrx_word' id='word_1_326' title='bbox 1025 4068 1062 4157; x_wconf 89' lang='grc'>5,</span> <span class='ocrx_word' id='word_1_327' title='bbox 1079 4066 1130 4156; x_wconf 88' lang='grc'>3),</span> <span class='ocrx_word' id='word_1_328' title='bbox 1160 4069 1217 4133; x_wconf 92' lang='lat' dir='ltr'>illa</span> <span class='ocrx_word' id='word_1_329' title='bbox 1250 4069 1289 4134; x_wconf 93' lang='lat' dir='ltr'>de</span> <span class='ocrx_word' id='word_1_330' title='bbox 1320 4067 1467 4157; x_wconf 77' lang='lat' dir='ltr'>Caesare,</span> 
     </span>
    </p>
   </div>
   <div class='ocr_carea' id='block_1_4' title="bbox 382 4313 1289 4474">
    <p class='ocr_par' dir='ltr' id='par_1_4' title="bbox 382 4313 1289 4474">
     <span class='ocr_line' id='line_1_37' title="bbox 384 4313 1289 4385; baseline 0.004 -19"><span class='ocrx_word' id='word_1_331' title='bbox 384 4318 409 4383; x_wconf 90' lang='lat'>1)</span> <span class='ocrx_word' id='word_1_332' title='bbox 427 4313 519 4384; x_wconf 72' lang='lat' dir='ltr'>atym.</span> <span class='ocrx_word' id='word_1_333' title='bbox 539 4314 674 4383; x_wconf 65' lang='lat' dir='ltr'>Mamm</span> <span class='ocrx_word' id='word_1_334' title='bbox 691 4333 718 4384; x_wconf 84' lang='lat' dir='ltr'>p.</span> <span class='ocrx_word' id='word_1_335' title='bbox 733 4320 794 4384; x_wconf 82' lang='grc'><strong>411,</strong></span> <span class='ocrx_word' id='word_1_336' title='bbox 809 4320 851 4384; x_wconf 83' lang='grc'>11,</span> <span class='ocrx_word' id='word_1_337' title='bbox 871 4314 1031 4369; x_wconf 68' lang='lat' dir='ltr'>eumanum</span> <span class='ocrx_word' id='word_1_338' title='bbox 1048 4334 1075 4385; x_wconf 84' lang='lat' dir='ltr'>p.</span> <span class='ocrx_word' id='word_1_339' title='bbox 1091 4319 1152 4384; x_wconf 79' lang='grc'><strong>141,</strong></span> <span class='ocrx_word' id='word_1_340' title='bbox 1167 4321 1210 4385; x_wconf 79' lang='lat' dir='ltr'>oe,</span> <span class='ocrx_word' id='word_1_341' title='bbox 1229 4322 1289 4370; x_wconf 82' lang='lat'>249.</span> 
     </span>
     <span class='ocr_line' id='line_1_38' title="bbox 382 4401 762 4474; baseline 0.003 -18"><span class='ocrx_word' id='word_1_342' title='bbox 382 4405 409 4474; x_wconf 77' lang='lat'>2)</span> <span class='ocrx_word' id='word_1_343' title='bbox 427 4402 466 4456; x_wconf 88' lang='lat' dir='ltr'>ad</span> <span class='ocrx_word' id='word_1_344' title='bbox 482 4401 603 4456; x_wconf 80' lang='lat' dir='ltr'>iliadem</span> <span class='ocrx_word' id='word_1_345' title='bbox 620 4422 647 4472; x_wconf 91' lang='lat' dir='ltr'>p.</span> <span class='ocrx_word' id='word_1_346' title='bbox 664 4409 705 4471; x_wconf 75' lang='lat'>17,</span> <span class='ocrx_word' id='word_1_347' title='bbox 720 4409 762 4458; x_wconf 83' lang='lat'>23.</span> 
     </span>
    </p>
   </div>
   <div class='ocr_carea' id='block_1_5' title="bbox 0 0 1676 5168">
    <p class='ocr_par' dir='ltr' id='par_1_5' title="bbox 0 0 1676 5168">
     <span class='ocr_line' id='line_1_39' title="bbox 0 0 1676 5168; baseline 0 1"><span class='ocrx_word' id='word_1_348' title='bbox 0 0 1676 5168; x_wconf 95' lang='lat' dir='ltr'> </span> 
     </span>
    </p>
   </div>
  </div>
 </body>
</html>
