3342 5168
476 395 518 449 De
537 394 673 465 ampliore
691 394 759 450 olim
777 395 870 450 Prooli
889 397 1096 453 commentario.
1327 398 1367 462 21

200 560 400 636 λιόωντες·
432 556 601 636 Ἡσίοδος·
634 559 674 623 τά
701 562 793 644 χείλη
820 568 993 636 κινοῦντες
1019 560 1084 625 ἀπὸ
1111 568 1169 644 τῆς
1195 561 1325 645 ψύγρας
1351 560 1372 644 ἢ

201 664 414 747 συνάγοντες·
442 663 543 747 ἣτάς
565 665 671 749 μύλας
694 665 946 750 συγκρούοντες.
991 665 1125 749 Κράτης
1148 667 1268 752 γράφει
1291 672 1372 752 μαλ-

200 774 363 848 κιόωυτες.
401 772 490 836 ἔστιν
514 767 551 835 δὲ
568 772 606 836 τὸ
626 771 682 836 διὰ
700 772 737 836 τὸ
756 780 863 855 ψῦχος
880 772 925 856 μὴ
945 773 1033 858 ἔχειν
1052 771 1211 860 εὐκινητῳ
1231 773 1371 857 δυνάμει
1427 822 1429 826 ,

200 878 396 961 χρησασθαι.
442 875 546 952 Quid?
574 876 660 962 quod
687 878 723 942 in
746 877 878 941 scholiis
901 878 1019 942 vitiose
1042 882 1092 942 est
1115 878 1272 961 scriplum
1292 877 1372 943 Ἰσο-

199 985 328 1069 κράτης,
351 981 491 1048 Cralelis
513 1005 632 1049 nomen
654 984 789 1048 debetur
811 985 868 1048 uni
892 983 1113 1071 Elymologo?

288 1088 429 1154 Aliunde
452 1112 581 1174 quoque
603 1089 680 1154 lieet
703 1090 923 1155 demonstrare
940 1089 1049 1156 Proeli
1072 1090 1194 1156 soholia
1213 1092 1290 1155 olim
1308 1092 1374 1175 ple-

197 1196 290 1260 niore
312 1196 421 1262 fuisse.
458 1196 510 1262 Ad
532 1221 561 1261 v.
581 1197 647 1262 375
671 1195 715 1284 (p.
736 1195 816 1285 237)
836 1198 871 1261 in
887 1195 1065 1261 Proolianis
1084 1198 1263 1281 explicatur
1281 1219 1372 1263 voee-

198 1302 312 1367 bulum
330 1305 487 1388 φιλητησι
505 1304 562 1390 ita,
579 1307 617 1369 ul
635 1326 675 1369 ne
694 1304 792 1369 verbo
811 1303 940 1388 quidem
956 1325 1144 1369 moneamur
1158 1305 1196 1369 de
1210 1305 1372 1389 scripturo

202 1412 366 1495 φηλητησι
404 1410 576 1494 absinlque
614 1411 751 1476 eliorum
782 1415 953 1495 poetarum
983 1411 1137 1494 exempla.
1187 1411 1302 1476 Tzelza
1333 1411 1371 1474 de

197 1519 336 1600 utraque
365 1516 480 1581 sallem
507 1518 611 1582 forma
633 1517 731 1581 verbe
753 1517 839 1583 facil.
886 1516 988 1593 Quam
1011 1520 1119 1581 autem
1141 1518 1270 1600 copiose
1293 1518 1371 1582 olim

199 1621 278 1687 haee
296 1622 363 1685 sinl
382 1622 542 1708 exposite,
564 1623 659 1687 lestis
678 1626 728 1686 est
746 1622 953 1707 Ευελολλιὶυο,
973 1624 1029 1706 qui
1046 1621 1125 1687 haee
1142 1623 1240 1688 habet
1260 1621 1316 1711 (ad
1333 1623 1371 1689 Π.

198 1750 230 1810 p.
243 1727 383 1812 194,31;
402 1727 440 1791 of.
455 1727 495 1791 ed
509 1726 622 1810 Odyss.
636 1750 666 1810 p.
678 1727 775 1813 1889,
786 1728 818 1813 13
838 1727 878 1792 ed
891 1726 927 1793 Il.
942 1750 972 1811 p.
989 1727 1152 1815 781,12.):
1171 1730 1216 1806 ὡς
1234 1732 1271 1795 τὸ
1289 1731 1370 1814 ὑφε-

200 1832 330 1917 λέσθαι,
344 1830 403 1917 ἀφ’
417 1828 458 1899 οὗ
474 1831 529 1898 καὶ
546 1835 605 1898 τὸν
619 1835 763 1917 φιλητην
776 1833 967 1918 παράγουσί
977 1857 1083 1912 τινες
1099 1846 1175 1900 τῶν
1193 1842 1370 1902 παλαιῶν

199 1945 444 2024 σχολιαστῶν
470 1949 541 2005 τοῦ
560 1937 762 2022 Ἡσιόδου,
791 1941 847 2004 ἵνα
869 1933 890 2025 ᾖ
914 1942 1054 2023 φιλητης
1077 1941 1094 2006 ὁ
1117 1943 1206 2027 παρὰ
1224 1940 1369 2031 Ἡσιόδῳ

197 2046 241 2132 μὴ
270 2046 334 2112 ἀπὸ
362 2055 422 2111 τοῦ
449 2052 545 2130 φηλῶ
572 2047 710 2131 φηλησω
738 2047 775 2111 τὸ
804 2046 930 2112 ἀπατῶ·
967 2047 1048 2113 αὐτὸ
1076 2048 1139 2133 γάρ
1165 2052 1278 2131 τρίτης
1301 2047 1369 2114 έστλ

197 2161 255 2236 τῆς
281 2155 453 2236 συζυγίας,
476 2153 522 2230 ὡς
544 2153 643 2235 δηλοῖ
662 2153 751 2237 παρὰ
774 2156 969 2238 Λυκόφρονι
992 2154 1029 2218 τὸ
1053 2155 1209 2237 φηλώσας
1231 2157 1369 2239 πρόμον.

198 2263 230 2324 el
252 2282 282 2343 p.
299 2260 372 2342 781,
389 2260 443 2324 13;
472 2260 525 2324 διὸ
544 2256 654 2324 καὶτὸ
674 2257 821 2324 (πέποιθ’
844 2259 900 2342 ὅγε
923 2260 1116 2344 φιλητησιν’
1137 2259 1178 2325 οὐ
1197 2261 1252 2325 διὰ
1269 2271 1330 2327 τοῦ
1347 2269 1370 2343 η

197 2368 264 2450 ἔχει
291 2366 353 2447 τὴν
379 2368 548 2451 ἄρχουσαν
576 2364 617 2430 έν
644 2377 730 2442 τοῖς
752 2362 961 2452 ἀκριβέσιν
984 2365 1263 2451 ἀντιγράφοις,
1285 2366 1368 2433 ἀλλὰ

199 2473 255 2539 διά
286 2483 346 2540 τοῦ
377 2476 468 2555 ίῶτα,
495 2469 551 2537 καὶ
574 2472 672 2555 δηλοῖ
697 2472 759 2537 οὐκ
787 2471 959 2537 ἀπατεῶνα
987 2472 1033 2549 ὡς
1059 2471 1123 2538 ἀπὸ
1150 2483 1211 2538 τοῦ
1239 2478 1368 2557 φηλείν,

198 2578 280 2646 ἀλλὰ
294 2578 438 2662 κλέπτην
451 2580 539 2662 παρὰ
549 2580 585 2644 τὸ
600 2578 748 2661 ὑφελεῖν,
759 2578 804 2654 ὡς
819 2576 956 2663 ἑτέρωθι
970 2582 1165 2663 κρειττόνως
1179 2578 1367 2663 γέγραπται.

197 2685 284 2751 Haec
303 2685 412 2749 doouil
430 2683 593 2749 Usenerus
617 2685 736 2749 oollato
760 2684 884 2748 soholio
902 2685 1020 2749 oodieis
1038 2684 1240 2750 Monacensis
1260 2686 1368 2749 omnia

198 2791 238 2856 ed
255 2792 390 2857 verbum
408 2790 474 2854 fere
493 2812 532 2854 ex
550 2790 698 2855 uberiore
717 2790 841 2875 sylloge
854 2789 1096 2854 Proelianorum
1111 2792 1271 2875 exsoripla
1289 2813 1366 2856 esse.

287 2895 465 2963 Conficitur
486 2919 548 2983 res,
572 2897 599 2961 si
622 2897 697 2961 lioel
720 2919 759 2961 ex
782 2897 884 2980 ipsius
907 2895 1013 2960 Prooli
1036 2896 1108 2960 aliis
1128 2897 1256 2980 seriptis
1275 2917 1367 2981 argu·

197 3008 306 3069 mento
336 3004 488 3089 proferre.
533 3002 633 3069 Velut
666 3025 747 3087 quoe
778 3003 813 3067 in
842 3003 1093 3087 commentariis,
1126 3024 1208 3087 quos
1235 3003 1271 3067 in
1296 3002 1367 3067 Pla-

147 3102 149 3105 ’
196 3113 284 3177 lonis
315 3110 561 3195 Rempublioam
597 3110 792 3195 composuit,
827 3110 866 3174 de
899 3110 1070 3195 generibus
1100 3109 1250 3173 humanis
1284 3110 1367 3193 apud

196 3217 376 3283 Hesiodum
408 3214 604 3304 exposuit¹)‚
636 3239 673 3281 ea
705 3237 924 3300 comparemus
957 3237 1030 3281 eum
1060 3214 1252 3300 Proeliunis,
1285 3238 1367 3299 quse

196 3346 281 3389 nuno
321 3327 450 3389 exstant
487 3324 527 3388 ad
563 3324 670 3407 ipsum
706 3322 891 3387 Hesiodum.
943 3322 1017 3386 Erit
1053 3326 1161 3386 autem
1198 3323 1277 3386 setis
1314 3345 1367 3405 ap-

197 3452 316 3516 ponere
342 3431 433 3496 haee:
465 3431 484 3496 ὁ
507 3426 569 3515 μέν
591 3433 753 3512 θεολόγος
771 3427 909 3514 Ὀρφεὺς
932 3432 1007 3514 τρία
1029 3428 1109 3512 γένη
1132 3426 1366 3513 παραδέδωκεν

197 3537 401 3623 ἀνθρώπων·
442 3549 574 3621 πρῶτον
611 3533 672 3620 μὲν
706 3537 744 3601 τὸ
779 3546 944 3621 χρυσοῦν,
980 3537 1060 3621 ὅπερ
1091 3536 1275 3620 ὑποστῆσαι
1307 3536 1367 3601 τὸν

200 3642 336 3724 Φάνητά
368 3660 484 3727 φησιν·
522 3644 679 3727 δεύτερον
710 3644 748 3708 τὸ
778 3641 966 3727 ἀργυροῦν,
998 3636 1025 3730 ᾧ
1052 3657 1157 3726 φησιν
1183 3641 1279 3726 άρξαι
1306 3643 1367 3706 τάν

198 3746 355 3831 μέγιστον
381 3750 529 3832 Κρόνον·
565 3754 680 3834 τρίτον
709 3745 747 3813 δὲ
773 3750 956 3833 τιτανικόν,
987 3748 1006 3812 ὅ
1032 3764 1136 3832 φησιν
1163 3746 1199 3810 έκ
1225 3758 1293 3812 τῶν
1319 3771 1366 3811 τι-

196 3863 341 3919 τανικῶν
376 3858 486 3937 μελῶν
521 3856 581 3919 τὸν
617 3858 685 3919 Δία
717 3855 959 3935 συστήσασθαι·
1001 3854 1187 3934 συννοήσας
1220 3852 1265 3927 ὡς
1296 3864 1368 3928 τοῖς

197 3956 307 4045 τρισὶν
343 3959 434 4044 ὅροις
466 3960 597 4036 τούτοις
627 3969 695 4025 πᾶν
726 3955 815 4035 εἶδος
845 3955 1028 4042 περιέχεται
1060 3966 1118 4041 της
1150 3956 1366 4042 ἀνθρωπίνης

198 4070 289 4149 ζωῆς.
335 4065 355 4149 ἢ
383 4066 446 4150 γάρ
473 4068 593 4150 νοερόν
620 4064 690 4131 ἐστι
716 4063 772 4130 καλ
799 4070 911 4145 θεῖον,
938 4063 1051 4140 αὐτοῖς
1076 4075 1147 4140 τοῖς
1173 4062 1366 4148 ἀκροτάτοις

196 4184 264 4238 τῶν
291 4174 399 4238 ὄντων
428 4169 661 4257 ἐνιδρυμένον,
688 4170 709 4254 ἢ
736 4171 819 4256 πρὸς
846 4167 943 4236 ἑαυτὸ
972 4168 1189 4255 έπέστραπται
1216 4168 1271 4235 καὶ
1294 4182 1368 4235 νοεῖ

288 4420 314 4487 1)
332 4417 437 4473 Aneod.
460 4416 541 4472 veris
565 4434 607 4487 gr.
626 4418 656 4471 et
676 4414 726 4471 lut.
750 4416 793 4470 ed.
816 4416 849 4470 R.
869 4414 980 4471 Sohoell
1002 4418 1032 4471 et
1050 4415 1082 4471 G.
1102 4415 1277 4470 Studemund
1296 4419 1364 4471 1886

197 4508 223 4563 Π
239 4526 267 4578 p.
282 4513 316 4563 38
326 4525 386 4576 sqq.
