3366 5168
428 377 591 434 Plutarchei
610 377 647 432 ad
666 377 758 448 Opera
777 376 970 432 commentarii
988 376 1154 449 fragmenta.
1315 379 1379 443 105

204 565 234 626 p.
245 542 288 607 26
298 541 348 625 Ι),
358 542 396 606 fr.
406 538 507 627 52Β.)
522 541 725 606 emendatum
741 540 851 606 avinis
866 542 968 607 doctis
983 541 1101 630 collato
1110 508 1379 627 Hesychiilcxico

206 649 267 713 sub
286 670 365 715 voce
379 649 538 731 Λργαιών
556 653 588 712 et
608 648 679 733 ipso
698 647 872 713 Plutarcho
891 649 926 713 in
943 648 1022 713 Vita
1039 648 1147 734 Pelop.
1167 672 1192 714 c.
1208 649 1260 714 25.
1293 648 1380 726 Quae

207 777 282 820 vero
301 754 573 839 Wyttenbachius
595 753 770 820 Plutarcho
794 755 955 821 adiudicat
978 759 1015 820 ut
1037 755 1255 842 fragmentum
1273 757 1317 821 30
1340 757 1381 821 ad

206 885 235 927 v.
252 861 316 926 541
335 884 366 945 p.
386 861 465 947 322,
487 861 532 925 24
551 860 600 949 (5,
618 885 648 946 p.
665 862 730 927 784
743 861 810 947 77,,
832 862 864 949 5,
881 885 912 946 p.
931 862 974 927 26
988 861 1037 948 ]).,
1055 863 1093 927 5.
1113 862 1157 928 54
1170 862 1232 951 Β.),
1250 867 1326 929 sunt
1344 886 1381 929 ea

206 968 336 1052 quidem
357 967 465 1056 huius,
486 990 545 1034 nec
567 972 677 1034 tamen
696 972 829 1054 propter
842 969 958 1055 locum,
977 991 1072 1054 quem
1091 969 1203 1035 attulit
1222 993 1238 1034 e
1257 971 1380 1036 conviu

206 1078 327 1160 quaest.
354 1098 385 1159 p.
410 1075 575 1162 eercsq„
612 1076 668 1140 sed
698 1080 883 1163 propterea,
922 1076 1009 1161 quod
1040 1077 1190 1143 universa
1222 1079 1381 1143 tractandi

205 1183 289 1246 ratio
322 1182 445 1247 redolet
476 1182 643 1268 ingenium
672 1182 909 1248 Plutarcheurn.
961 1182 1090 1250 Nomen
1118 1206 1229 1249 rursus
1261 1185 1382 1270 legitur

206 1289 247 1354 ad
264 1312 293 1354 v.
313 1288 377 1354 561
397 1312 427 1373 p.
443 1289 518 1374 329,
541 1290 585 1354 30
605 1288 649 1378 (5,
667 1313 697 1375 p.
719 1289 859 1375 78477,
877 1289 912 1378 5,
930 1314 960 1376 p.
980 1291 1023 1356 26
1037 1290 1091 1378 1),
1118 1292 1156 1355 5.
1175 1290 1288 1379 56Β.),
1316 1313 1381 1376 quo

203 1388 287 1481 loco,
313 1418 507 1481 quamquam
537 1397 661 1462 delente
685 1396 857 1462 Plutarcho
885 1401 951 1462 tres
979 1419 1089 1462 versus
1119 1399 1295 1482 διαγράφει
1322 1420 1381 1483 pro

205 1503 366 1568 librorum
397 1503 583 1589 ἀναγράφει
613 1508 699 1569 recte
734 1504 871 1569 fortasse
906 1504 1071 1569 nonnullis
1107 1505 1263 1589 scriptum
1298 1505 1383 1569 vide-

206 1610 310 1696 bitur,
341 1609 426 1675 malo
461 1613 571 1674 tamen
601 1611 815 1697 περιγράφει
848 1633 888 1676 ex
920 1611 1068 1676 sollemni
1098 1612 1382 1696 grammaticorum

206 1714 331 1803 morel)
346 1755 390 1764 —-
405 1713 591 1800 Sequuntur
604 1717 773 1781 Procliana
792 1718 829 1782 de
848 1717 1028 1783 Philomela
1046 1718 1086 1782 ad
1103 1742 1132 1783 v.
1147 1717 1212 1782 568
1226 1741 1256 1802 p.
1272 1718 1346 1800 333,
1361 1717 1382 1783 5

207 1827 248 1909 et,
279 1845 359 1908 quas
382 1822 440 1888 illo
467 1823 539 1889 loco
563 1823 779 1888 desideramus
802 1824 837 1889 in
860 1824 1000 1911 scholiis,
1023 1824 1151 1889 fabulae
1173 1824 1326 1889 lusciniae
1350 1829 1382 1888 et

208 1931 319 2015 epopis
343 1930 544 2016 coniunctae,
566 1930 601 1995 ni
619 1930 727 2015 fallor,
750 1932 816 1995 iam
839 1931 925 2015 apud
947 1930 1156 1997 Plutarchum
1180 1953 1253 1995 cum
1275 1930 1383 1995 Plato-

205 2038 286 2104 nicis
313 2037 394 2125 illis,
422 2038 460 2102 de
488 2036 606 2121 quibus
634 2037 757 2103 dictum
784 2043 833 2102 est
861 2060 958 2123 supra
984 2061 1015 2123 p.
1040 2040 1090 2105 98.
1145 2036 1214 2103 Nec
1241 2060 1308 2103 non
1335 2041 1383 2101 est

206 2144 444 2231 Plutarcheum,
467 2144 554 2227 quod
575 2144 642 2208 fere
664 2143 786 2208 invitus
810 2143 903 2236 affert
926 2166 943 2208 e
961 2143 1120 2229 Dionysio
1140 2144 1262 2229 Thrace
1281 2166 1383 2209 exem·

205 2251 296 2335 plum
318 2249 451 2315 Proclus
474 2249 514 2314 ad
536 2271 565 2314 v.
584 2249 647 2316 571
673 2273 703 2335 p.
722 2250 802 2335 335,
820 2249 873 2315 25.
924 2249 986 2328 Qui
1009 2274 1106 2335 quam
1129 2252 1266 2338 diligens
1284 2247 1382 2317 fuerit

205 2356 372 2422 Plutarchi
399 2356 606 2442 pedisequus
633 2356 723 2422 nulla
751 2379 785 2422 re
808 2359 912 2443 magis
936 2362 1079 2444 apparet,
1103 2380 1199 2443 quam
1222 2359 1309 2443 quod
1331 2358 1383 2422 vel

208 2464 328 2528 invitus
352 2463 459 2547 refert,
483 2485 565 2548 quae
587 2462 642 2527 ille
664 2463 822 2548 praebuit.
868 2464 913 2528 Et
937 2465 1012 2529 audi
1034 2486 1108 2528 eum
1131 2465 1171 2529 ad
1189 2488 1217 2529 v.
1239 2465 1304 2530 794
1314 2487 1382 2549 sqq.

208 2570 336 2635 disertis
360 2570 468 2635 verbis
491 2574 675 2634 monentem
697 2592 738 2635 ne
761 2570 894 2635 verbum
918 2571 1048 2655 quidem
1071 2571 1109 2635 de
1132 2570 1184 2636 his
1202 2570 1279 2636 ferri
1298 2571 1384 2654 apud

87 2708 89 2711 ·
207 2675 424 2742 Plutarchum.
461 2714 502 2723 -
535 2675 664 2743 Nomen
689 2677 809 2763 legitur
836 2698 948 2742 rursus
977 2678 1016 2742 ad
1042 2700 1071 2742 v.
1095 2676 1162 2742 580
1183 2700 1214 2761 p.
1237 2677 1317 2763 338,
1340 2678 1383 2743 28

209 2780 259 2869 (5,
277 2804 308 2866 p.
330 2780 393 2846 785
411 2780 480 2868 77,,
502 2780 537 2867 5,
555 2804 584 2866 p.
605 2781 648 2847 26
662 2781 716 2868 1),
748 2782 787 2847 5.
811 2781 853 2846 57
872 2781 938 2871 R),
975 2804 1039 2867 quo
1072 2783 1108 2847 in
1140 2783 1262 2849 scholio
1300 2806 1383 2850 ccm-

207 2892 341 2973 paratur
363 2887 525 2954 Hesiodus
549 2911 621 2953 cum
645 2887 795 2954 Homero.
816 2925 858 2934 -
881 2887 934 2954 Ad
955 2911 983 2953 v.
1003 2888 1068 2955 586
1092 2912 1122 2974 p.
1137 2890 1203 2955 340
1224 2910 1306 2973 quae
1329 2890 1382 2954 ad-

209 2996 329 3080 scripta
348 2999 432 3082 sunt,
454 2996 506 3061 vel
528 2999 660 3081 propter
677 2994 789 3062 Alcaei
811 2996 999 3062 memoriam
1016 2997 1086 3061 iure
1108 2997 1219 3082 posuit
1241 2996 1277 3061 in
1298 2996 1384 3083 frag-

208 3102 325 3168 mentis
354 3103 420 3168 suis
444 3102 716 3187 Wyttenbachius
745 3100 798 3190 (fr.
821 3103 879 3190 33,
901 3102 932 3188 5,
955 3126 985 3188 p.
1006 3103 1150 3191 78677,
1174 3102 1210 3189 5,
1227 3126 1257 3187 p.
1277 3104 1319 3168 27
1335 3102 1385 3191 Ι),

208 3210 246 3274 5.
268 3209 311 3275 58
325 3207 376 3296 Β.)

298 3315 351 3381 Ad
373 3340 401 3381 v.
421 3316 485 3382 591
509 3317 659 3382 laudatur
681 3316 874 3382 nominatim
897 3340 927 3401 p.
951 3316 1030 3403 345,
1053 3317 1098 3381 24
1121 3315 1167 3405 (5,
1184 3341 1214 3402 p.
1241 3317 1385 3401 78677,

209 3422 245 3510 5,
261 3446 291 3507 p.
311 3423 423 3511 271),
444 3424 482 3488 5.
502 3423 615 3512 59Β.)ε
646 3445 704 3488 suo
733 3428 842 3490 autem
865 3423 934 3489 iure
958 3428 1142 3508 comparato
1165 3425 1236 3490 loco
1259 3423 1384 3490 Plutar-

208 3530 286 3595 cheo
319 3530 354 3595 in
386 3527 517 3594 Oonviv.
551 3533 672 3615 quaest.
700 3554 730 3615 p.
759 3531 823 3595 697
834 3531 856 3595 b
873 3553 941 3616 sqq.
976 3530 1084 3596 omnia
1115 3530 1178 3596 huc
1204 3531 1385 3596 referebant

210 3636 357 3701 editores.
403 3634 451 3701 Of.
470 3637 587 3702 Athen.
608 3637 659 3721 10,
677 3637 777 3702 4264.
827 3637 993 3704 Laudatus
1022 3641 1071 3703 est
1093 3639 1191 3703 etiam
1214 3638 1255 3702 ad
1272 3659 1300 3703 v.
1319 3636 1384 3703 633

209 3765 240 3826 p.
255 3742 331 3827 361,
344 3742 396 3806 21.
427 3741 496 3808 Nec
514 3747 623 3809 tamen
642 3745 756 3830 solum,
775 3766 856 3829 quae
874 3744 1079 3809 vindicantur
1097 3745 1128 3808 ei
1146 3744 1186 3809 ab
1206 3743 1384 3809 editoribus

210 3848 260 3936 (5,
282 3871 312 3932 p.
338 3849 401 3922 789
420 3849 488 3937 77,
515 3851 550 3936 5,
577 3874 606 3935 p.
631 3851 673 3915 27
692 3851 746 3939 Ι),
773 3851 811 3915 5.
836 3850 880 3915 60
898 3849 963 3936 Β.),
999 3851 1067 3914 eius
1099 3849 1244 3936 fuerunt,
1274 3870 1386 3913 verum

208 3955 326 4041 omnia,
345 3955 380 4020 in
399 3956 517 4040 quibus
536 3958 713 4023 sententiae
731 3959 844 4024 insunt
861 3955 1022 4021 Hellanici
1039 3979 1070 4040 p.
1085 3956 1160 4043 361,
1174 3955 1195 4020 5
1209 3959 1241 4020 et
1259 3954 1386 4040 Ephori

119 4080 122 4085 ⁴
209 4086 239 4147 p.
260 4063 335 4151 362,
349 4060 407 4150 25,
439 4064 547 4128 omnia
570 4063 706 4148 denique
730 4064 770 4129 ad
792 4086 821 4129 v.
841 4064 906 4128 643
929 4086 959 4148 p.
978 4063 1111 4151 360,15
1139 4061 1191 4151 (fr.
1212 4063 1253 4128 61
1268 4060 1330 4150 R),
1352 4062 1386 4125 id

301 4333 327 4400 1)
345 4329 418 4385 Vide
444 4328 639 4385 Ludwiehium
663 4328 839 4399 „Aristarchs
866 4328 970 4385 homer.
995 4327 1173 4384 Textlrritik“
1191 4328 1204 4381 1
1222 4346 1249 4398 p.
1266 4333 1317 4382 110
1325 4344 1384 4396 sqq.

212 4419 275 4473 Uno
293 4419 355 4475 loeo
374 4422 421 4475 est
436 4417 598 4490 διαγράφει,
618 4419 702 4485 schol.
719 4419 755 4473 ad
776 4423 802 4473 Τ
814 4423 879 4488 865,
899 4435 916 4472 a
933 4416 1097 4473 Ludwiehio
1116 4434 1196 4487 casu,
1215 4419 1248 4472 ut
1265 4415 1386 4486 videtur,

212 4506 349 4578 neglecte.
