3366 5168
297 341 362 407 152
533 304 665 410 Didymei
683 336 720 390 ad
738 334 831 406 Opera
849 332 1043 390 commentarii
1060 333 1228 405 fragmenta,

296 504 520 588 γράφουσιν
538 496 744 583 ἀκιράτατοι,
762 496 806 564 ἵν’
824 493 846 584 ᾖ
862 497 1040 565 κάλλιστοι.
1061 536 1103 544 -
1121 497 1174 563 Ad
1187 522 1216 566 v.
1230 499 1296 564 493
1313 499 1467 566 escholio

297 609 512 678 Choeroboeoi
539 630 568 691 p.
597 607 673 692 302,
695 608 735 672 31
774 605 853 670 haee
889 604 981 670 oredo
1019 627 1087 670 esse
1119 605 1288 689 Didymae:
1326 605 1468 673 ἐπαλέα

297 717 455 803 λέσχην·
478 716 518 781 τά
540 719 675 798 χαλκεῖα
697 714 785 798 παρὰ
807 718 1053 790 toleratumve
1075 714 1189 800 ἀθυροι
1207 708 1260 797 ἦν,
1279 712 1335 778 καὶ
1354 714 1372 780 d
1391 718 1469 798 βου-

297 828 436 910 λόμενος
458 819 560 907 εἰσῄει
583 817 639 886 καὶ
662 818 878 906 ἑθερμοιίνετο
900 817 956 884 καὶ
979 820 1014 884 οἱ
1034 816 1172 902 πένητες
1196 817 1262 884 έκεὶ
1281 819 1468 905 ἐκοιμῶντο.

297 929 395 1016 λέσχη
424 928 465 995 δέ
490 928 557 995 έστι
585 929 686 1005 τόπος
712 949 763 1003 τις
786 927 943 1011 δημόσιος
966 923 1138 1010 ἀνειμένος
1160 938 1231 1003 τοῖς
1253 926 1469 1012 βουλομένοις

299 1040 500 1104 διαιτᾶσθαι.
538 1036 770 1118 Νεοπτόλεμος
788 1029 825 1098 δέ
843 1032 885 1098 ε’ν
903 1035 1023 1118 τρίτῳ
1041 1035 1229 1098 Γλωττῶν
1249 1050 1331 1117 φησι
1350 1033 1470 1118 λέσχην

297 1140 383 1210 εἶναι
406 1145 512 1226 όνομα
534 1140 648 1225 αὐλῆς,
672 1139 709 1205 ἐν
730 1133 752 1225 ᾖ
774 1148 841 1224 πῦρ
866 1138 942 1204 ἐστι.
985 1136 1218 1224 corrigendum
1236 1144 1296 1224 est,
1315 1141 1400 1223 quod
1419 1163 1469 1206 ex·

296 1250 410 1315 hibent
432 1247 508 1313 libri
532 1246 569 1312 έν
590 1256 637 1334 τῷ
659 1244 749 1332 περὶ
772 1248 943 1332 Γλωττῶν,
966 1244 1053 1329 quod
1076 1267 1200 1329 semper
1218 1246 1369 1311 laudatur
1386 1245 1469 1321 Neo

297 1352 432 1441 ptolemi
454 1352 584 1418 Pariani
611 1352 693 1417 liber
716 1355 864 1418 Γλῶτται
892 1373 958 1416 non
984 1349 1059 1436 περὶ
1084 1354 1258 1436 Γλωττῶν,
1280 1353 1375 1417 nixus
1399 1375 1469 1417 sum

297 1460 465 1527 Athenaeo
489 1458 536 1524 XI
558 1482 589 1544 p.
607 1460 673 1525 476
682 1458 704 1523 f.
750 1456 900 1524 Ceterum
926 1458 1065 1523 fortasse
1092 1458 1205 1523 insunt
1228 1456 1470 1525 Ohoerobosoea

298 1567 396 1635 etiam
418 1568 453 1632 in
471 1565 580 1651 Etym
598 1565 717 1651 Magno
735 1588 765 1649 p.
785 1564 861 1652 561,
880 1566 930 1632 11.

388 1674 416 1738 E
450 1671 668 1739 Choerobosoi
700 1670 822 1737 scholio
855 1672 894 1737 ad
921 1695 950 1738 v.
976 1671 1043 1736 524
1065 1694 1095 1756 p.
1120 1672 1244 1757 316‚3
1277 1670 1329 1760 (ef.
1360 1671 1470 1756 Etym.

299 1782 406 1868 Magn.
425 1804 456 1865 p.
477 1781 552 1867 111,
570 1778 606 1868 6)
630 1783 706 1845 sunt
727 1778 900 1863 Didymen:
923 1779 1124 1855 ἀνόστεος·
1150 1781 1352 1864 Κλείταρχος
1375 1776 1412 1844 δὲ
1435 1779 1472 1845 έν

300 1889 471 1964 Γλώσσαις
498 1889 558 1954 τὸν
587 1888 760 1953 πολύποδα
783 1886 848 1951 ὑπὸ
872 1886 1148 1970 Λακεδαιμονίων
1172 1889 1288 1952 ἴουλόν
1310 1904 1393 1970 φησι
1415 1910 1472 1955 κοι-

299 2001 440 2061 λεῑσθοιι.
472 1991 698 2080 Ἀριστοτέλης
716 1991 756 2057 δέ
772 2007 854 2077 φησι
873 1993 997 2068 ψεῦδος
1015 1987 1101 2057 εἶναι
1119 1994 1157 2057 τὸ
1175 1993 1258 2057 κατὰ
1275 1996 1354 2069 τοὺς
1371 1994 1472 2059 πολύ-

298 2102 415 2178 ποδας·
444 2099 566 2177 αὐτοὺς
592 2101 655 2184 γὰρ
684 2097 823 2174 ἑαυτοὺς
850 2098 893 2183 μη
917 2101 1119 2181 κατεσθίειν,
1141 2097 1214 2165 ἀλλ’
1235 2100 1299 2165 ὑπὸ
1322 2110 1390 2165 τῶν
1411 2123 1472 2164 πα-

299 2208 432 2293 γούρων
454 2208 701 2270 κατεσθίεσθαι.
745 2201 822 2268 Non
844 2204 970 2290 mirum,
1003 2203 1089 2288 quod
1110 2205 1145 2269 in
1168 2204 1326 2270 laudanda
1348 2204 1472 2271 Aristo·

300 2312 375 2378 telis
395 2311 554 2389 sententia
568 2309 727 2395 Didymus
743 2309 899 2399 erravit,¹)
918 2311 974 2395 qui
993 2315 1044 2376 tot
1061 2311 1163 2377 libros
1183 2313 1417 2398 conscripserit,
1435 2317 1473 2378 ut

301 2420 340 2485 ab
356 2418 546 2485 adversariis
559 2441 601 2484 ne
615 2440 689 2483 suas
703 2417 832 2503 quidem
847 2419 917 2503 ipse
931 2419 1107 2484 sententias
1118 2441 1243 2504 semper
1258 2420 1472 2485 eodemmodo

300 2526 449 2592 exhibere
482 2526 657 2613 diceretur3
689 2529 800 2591 eontra
831 2525 924 2591 valde
955 2526 1056 2591 mirus
1086 2530 1171 2591 esset
1201 2548 1304 2614 error,
1334 2527 1362 2591 si
1389 2531 1473 2592 esset

301 2632 530 2716 Choerobosoi‚
554 2633 622 2718 qui,
646 2632 674 2698 si
701 2633 770 2716 ipse
796 2631 875 2699 haee
903 2633 1067 2699 attulisset
1095 2637 1207 2699 eontra
1233 2655 1355 2698 morem
1379 2655 1473 2698 suum

299 2739 453 2825 inspectis
467 2739 546 2823 ipsis
560 2739 828 2824 philosophorum
841 2740 944 2826 libris,
961 2740 1075 2824 prooul
1093 2740 1191 2805 dubio
1209 2762 1276 2804 non
1294 2741 1473 2805 erravisset.

301 2845 482 2913 Olitarohus
524 2846 564 2910 ab
601 2844 768 2911 Athenaeo
807 2847 992 2931 saepissime
1024 2846 1122 2911 simul
1153 2868 1225 2911 eum
1257 2845 1472 2931 Neoptolemo

300 2952 436 3019 Pariano
473 2952 622 3019 laudatus
659 2954 727 3017 eius
760 2952 902 3036 aequalis
932 2952 1059 3016 videtur
1086 2952 1198 3037 fuisse;
1231 2953 1364 3037 aceedit,
1388 2952 1475 3036 quod

301 3081 374 3125 eum
400 3057 643 3143 Epaphroditus
676 3080 803 3142 quoque
830 3058 870 3121 ad
898 3058 987 3121 Θ48
1015 3057 1124 3140 Etym.
1152 3056 1259 3142 Magn
1283 3080 1313 3141 p.
1333 3058 1412 3143 221,
1431 3059 1472 3124 31

300 3164 453 3229 laudavit.
508 3163 619 3227 Etiam
652 3184 724 3227 aum
755 3162 887 3227 Ameria
918 3162 1081 3227 coniuncti
1110 3162 1178 3227 eius
1206 3164 1328 3228 mentio
1356 3165 1407 3249 fit3
1436 3166 1474 3230 of.

301 3269 398 3336 huius
425 3269 501 3333 diss.
524 3266 587 3352 ΙΠ,
611 3269 639 3332 6.
668 3305 712 3345 -,
738 3267 768 3333 Ε
798 3267 919 3334 scholio
949 3266 1166 3334 Choerobosoi
1193 3270 1232 3335 ad
1260 3294 1288 3334 v.
1308 3269 1374 3335 526
1402 3293 1474 3336 oon-

302 3376 422 3459 soripto
445 3374 554 3459 Iltym.
578 3374 685 3460 Magn.
704 3374 817 3463 261,1
846 3373 933 3441 hune
963 3376 1029 3440 fere
1061 3375 1095 3441 in
1122 3376 1251 3442 modum
1279 3377 1474 3462 Didymeum

302 3481 461 3547 scholium
492 3484 601 3564 potest
631 3480 773 3546 restitui:
811 3483 959 3548 δείκνυ·
993 3482 1098 3560 οὕτως
1131 3482 1377 3569 ἀναγνωστέον,
1409 3484 1473 3549 ἀπὸ

302 3596 363 3654 τοῦ
395 3589 553 3653 δείκνυσι.
611 3589 702 3653 ἀλλοι
735 3585 772 3653 dt
800 3589 931 3672 δεικνύ,
961 3593 1160 3675 βουλόμενοι
1193 3589 1228 3656 έκ
1255 3600 1315 3656 τοῦ
1343 3592 1475 3669 δεικνὺς

301 3694 580 3780 παραλαμβάνειν.
626 3693 714 3771 Quae
737 3699 813 3760 sunt
835 3695 959 3781 reliqua
981 3696 1074 3785 apud¹
1089 3695 1349 3762 Oheerobosoum
1373 3718 1474 3783 gram-

301 3800 429 3888 matioa,
459 3800 528 3867 eius
561 3805 637 3866 sunt
669 3823 708 3866 ex
739 3801 924 3867 Herodiano
958 3807 1100 3887 sumpta,
1132 3807 1170 3868 ut
1201 3803 1271 3887 ipse
1302 3804 1402 3870 docet.
1433 3841 1472 3850 -

302 3907 353 3972 Ad
375 3931 405 3974 v.
423 3906 490 3973 530
522 3913 628 3974 exstat
654 3908 849 3993 Didymeum
876 3909 1094 3995 fragmentum
1122 3911 1157 3974 in
1187 3910 1309 3975 scholio
1338 3908 1475 3975 Ohoero-

303 4014 393 4080 bosei
416 4038 446 4100 p.
466 4015 545 4100 318,
563 4016 607 4080 22
626 4014 678 4102 (of.
701 4015 810 4100 Etym.
829 4015 936 4102 Magn.
956 4015 1032 4100 594,
1046 4017 1118 4099 47);
1153 4021 1407 4101 μυλιόωντες·
1435 4018 1475 4082 τὰ

303 4125 394 4206 χείλη
417 4130 589 4199 κινοῦντες
611 4122 676 4188 ὑπὸ
700 4131 758 4207 τῆς
779 4126 992 4210 ψυχρότητος.
1038 4124 1170 4207 Κράτης
1194 4120 1231 4189 δέ
1255 4123 1376 4208 γράφει
1395 4129 1476 4207 μαλ-

393 4369 420 4437 1)
439 4366 480 4422 cf.
504 4383 588 4438 supra
605 4385 632 4437 p.
649 4373 682 4422 16
701 4370 730 4422 et
743 4372 787 4437 44,
809 4366 875 4423 hist.
899 4368 983 4424 anim.
1007 4369 1072 4424 VIII
1089 4388 1116 4440 p.
1132 4375 1207 4424 591³,
1221 4374 1246 4437 8,
1265 4369 1357 4439 Dtym.
1378 4369 1473 4439 Magn.

303 4474 330 4527 p.
345 4460 406 4526 εει,
419 4461 463 4512 ιε.
