3366 5168
318 363 382 428 144
552 363 683 434 Didymei
702 363 739 418 ad
757 363 851 433 Opera
869 361 1062 419 commentarii
1079 362 1247 433 fragmenta.

317 527 400 615 ἀνήρ
425 526 612 612 explicando
634 550 665 610 p.
680 526 732 610 39,
750 528 816 590 not.
836 550 857 590 x
881 530 913 592 et
935 525 1043 610 Dtym.
1066 525 1174 611 Magn.
1195 525 1269 612 107,
1287 525 1340 611 30,
1362 525 1397 590 in
1420 526 1488 610 qui-

315 635 391 721 bus,
423 655 505 719 quae
532 637 608 698 sunt
635 633 858 719 grammatica,
890 636 976 698 certo
1004 633 1072 697 eius
1099 633 1230 718 propria
1257 636 1346 719 sunt,
1376 636 1489 698 contra

316 741 434 825 quibus
468 740 577 805 varius
609 762 686 804 usus
724 743 756 803 et
788 739 1040 824 significationes
1072 739 1277 804 illustrantur
1308 739 1488 804 Homericis

316 870 333 911 e
362 847 557 912 carminibus
585 846 697 930 petitis
725 846 893 932 exemplis,
920 868 957 910 ea
983 845 1132 910 videntur
1163 846 1271 910 omnia
1294 868 1331 910 ex
1356 845 1486 911 scholiis

315 953 495 1018 veterrimis
523 976 542 1017 a
565 950 789 1017 Choerobosco
813 952 931 1017 hausta
953 973 1034 1038 csse,
1057 952 1091 1016 in
1115 975 1196 1037 quae
1218 953 1487 1018 verisimillimum

315 1064 365 1125 est
388 1083 405 1125 ο
428 1060 586 1145 Didymeo
609 1059 839 1123 commentario
863 1081 900 1123 ea
922 1059 1062 1124 fluxisse.
1087 1097 1129 1106 -
1152 1057 1204 1123 Ad
1226 1082 1254 1124 v.
1276 1059 1318 1123 10
1340 1059 1375 1123 in
1398 1059 1488 1124 scho-

314 1167 368 1231 liis
382 1164 600 1232 Ohocrobosci
618 1189 648 1250 p.
659 1165 779 1230 44not.
788 1188 819 1230 w
833 1170 866 1229 et
879 1189 901 1249 y
914 1166 1095 1252 fragmenta
1108 1164 1266 1249 Didymea
1279 1166 1487 1231 inveniuntur

316 1274 394 1358 duc,
426 1294 564 1357 quorum
596 1272 734 1336 alterum
759 1275 866 1337 totum
893 1276 942 1336 est
970 1270 1187 1337 Choerobosci
1214 1273 1344 1357 proprio
1372 1294 1487 1358 genere

316 1379 439 1443 dicendi
462 1377 690 1462 compositum,
719 1379 754 1442 in
781 1379 883 1443 altero
915 1378 1013 1442 verba
1040 1378 1142 1462 ipsius
1169 1378 1301 1462 Didymi
1332 1378 1487 1463 quaedam

315 1487 443 1549 exstant
475 1481 540 1571 (vel
571 1484 681 1568 potius
714 1483 829 1549 scholii
856 1484 1019 1549 veterrimi
1043 1507 1081 1548 cx
1109 1485 1178 1549 eius
1207 1507 1301 1569 opere
1332 1483 1487 1573 excerpti)

316 1591 394 1654 satis
418 1595 577 1676 corrupta.
622 1590 674 1655 Ibi
696 1591 734 1655 de
756 1591 913 1656 vocabulo
937 1592 1019 1675 τύνη
1042 1591 1140 1656 verba
1170 1592 1265 1656 fiuntc
1299 1593 1407 1675 τύνη
1436 1592 1486 1657 ὅτι

313 1698 397 1782 πρὸς
414 1699 474 1763 τὸν
492 1701 560 1764 Δία
583 1697 758 1787 (sententia
776 1696 931 1785 Didymi).
978 1700 1171 1782 Πολύζηλος
1194 1694 1232 1764 dt
1254 1698 1290 1763 ἐν
1309 1697 1488 1777 Ῥοδιακοῖς

318 1806 430 1887 Τύνην
463 1802 562 1891 (libr.:
597 1802 694 1891 τύνη)
727 1807 870 1891 ἄρχοντα
899 1803 1065 1870 Χαλκιδέα
1093 1802 1193 1892 (libr.:
1230 1806 1387 1891 ἄρχονται
1414 1811 1487 1892 χαλ-

313 1908 452 1999 κιύία)1)
476 1915 597 1998 φησίν,
613 1910 669 1996 ἀφ’
694 1906 735 1977 οὗ
757 1914 933 1998 κρίνεσθαι
951 1913 1011 1976 τὸν
1025 1910 1183 1977 Ἡσίοδον
1210 1912 1290 1996 μετὰ
1313 1921 1373 1977 τοῦ
1396 1912 1486 1979 ἀδελ-

314 2028 393 2102 φοῦ.
447 2019 629 2094 Διονύσιος
661 2015 698 2083 dt
730 2015 811 2102 φαιέ
842 2020 970 2103 ύριστοι
991 2015 1037 2104 (l)
1074 2017 1274 2101 ἀγνοοῦντες
1306 2018 1355 2083 ὅτι
1387 2017 1487 2084 ἀντω-

313 2128 416 2209 νυμία
443 2122 511 2189 ἐστὶ
539 2126 735 2209 καρύαωνος
766 2121 968 2211 (Adspirate)
993 2123 1056 2188 ἀπὸ
1084 2132 1145 2189 τοῦ
1172 2126 1213 2190 τύ
1239 2125 1321 2207 τύνη
1344 2122 1399 2190 καὶ
1423 2124 1486 2207 ἐγὼ

315 2231 430 2314 ε’γώνη.
470 2230 630 2316 Polyzeli,
652 2228 772 2295 Rhodii
796 2230 934 2295 testibus
962 2229 1135 2295 Plutarcho
1164 2230 1360 2316 Hyginoque
1383 2228 1486 2317 (locos

313 2361 342 2402 v.
380 2337 465 2422 apud
501 2334 706 2424 Muellerum)
745 2341 777 2401 et
809 2333 986 2402 Ῥοδιακῶν
1017 2335 1095 2401 libri
1127 2338 1266 2402 auctoris
1300 2335 1486 2425 (secundum

313 2444 517 2510 Athenaeum
535 2441 616 2508 VIII
634 2465 664 2528 p.
679 2440 796 2530 3610),
823 2443 888 2507 iam
914 2443 990 2508 licet
1017 2446 1154 2507 aetatem
1182 2443 1385 2526 aliquomodo
1413 2444 1486 2509 defi-

313 2552 383 2617 nire
409 2552 472 2617 hoc
499 2550 622 2615 scholio
650 2554 848 2636 comparato,
876 2550 961 2634 quod
990 2554 1077 2615 certo
1108 2554 1182 2615 ante
1204 2549 1379 2635 Didymum
1409 2555 1484 2616 erat.

314 2658 380 2723 Cur
402 2680 477 2724 vero
500 2680 611 2723 vocem
634 2657 828 2723 Hesiodeam
850 2659 932 2741 τύνη
950 2657 1181 2741 interpretatus
1201 2657 1254 2744 sit,
1275 2680 1369 2722 ncmo
1391 2657 1486 2722 hodie

313 2765 407 2851 dicit,
434 2786 537 2849 noque
565 2764 621 2848 qui
649 2765 692 2831 sit
720 2768 832 2829 auctor
855 2764 923 2828 eius
946 2785 1043 2848 quam
1070 2764 1163 2828 affert
1191 2764 1381 2850 sententiam
1405 2786 1485 2847 quae

313 2876 380 2937 tam
410 2895 560 2958 perversa
592 2875 656 2958 cst,
688 2875 725 2935 ut
757 2893 827 2936 eam
859 2874 931 2935 ante
963 2868 1198 2934 Alexandrinos
1231 2874 1328 2955 atque
1361 2871 1486 2936 exculta

314 2980 354 3044 ab
369 2979 415 3044 cis
435 2980 644 3066 grammatica
663 2980 770 3044 studia
786 2979 1002 3062 excogitatam
1016 3000 1086 3042 esse
1099 2978 1264 3042 affirmem.
1292 2977 1487 3061 Dionysium
1585 2970 1590 2983 ’

314 3086 482 3171 Thracem,
505 3087 561 3170 qui
587 3085 641 3148 hie
664 3085 781 3148 dicitur
808 3083 993 3168 manifesto,
1015 3083 1050 3146 in
1076 3082 1246 3147 Hesiodeis
1270 3082 1401 3147 scholiis
1423 3083 1486 3148 hoc

313 3214 377 3256 uno
414 3193 485 3257 loco
521 3190 665 3255 laudavit
696 3188 872 3274 Didymus,
906 3210 979 3252 cum
1006 3189 1040 3252 in
1071 3188 1251 3254 Homericis
1290 3190 1324 3253 id
1358 3190 1485 3274 saepius

312 3298 438 3363 faceret.
484 3294 537 3382 (cf.
560 3302 593 3361 A
616 3295 695 3382 607,
718 3299 747 3359 Β
768 3295 846 3379 111,
870 3298 899 3359 0
922 3295 978 3381 86,
1001 3296 1080 3380 635,
1104 3297 1183 3384 712,
1210 3295 1292 3361 alios
1318 3297 1425 3384 locos,
1453 3302 1485 3361 et

313 3403 384 3468 vide
416 3400 638 3466 Ludwichium
665 3400 764 3466 Arist.
791 3399 876 3466 hom.
906 3401 1034 3466 Textkr.
1062 3401 1079 3467 Ι
1105 3426 1135 3487 p.
1153 3403 1195 3467 48
1212 3402 1296 3491 sqq.)
1329 3442 1371 3450 —
1403 3402 1485 3468 Ver-

314 3529 384 3571 sum
405 3508 444 3571 11
474 3507 521 3571 ita
548 3507 719 3593 explicavit
741 3508 915 3593 Didymus,
945 3512 982 3572 ut
1010 3509 1168 3593 particula
1190 3511 1255 3597 ἄρα
1278 3510 1318 3575 ad
1341 3509 1484 3595 Theogo-

312 3614 400 3677 niam
426 3614 686 3702 perduceremur,
713 3616 751 3679 de
779 3638 842 3700 qua
869 3615 1081 3700 explicatione
1109 3638 1206 3700 supra
1237 3616 1415 3702 disputavi,
1444 3616 1483 3680 cf.

312 3743 342 3805 p.
363 3721 426 3786 126
442 3744 510 3806 sqq.
1371 3786 1373 3791 ,

401 3828 453 3893 Ad
475 3853 502 3894 v.
523 3829 566 3893 24
594 3834 756 3895 servatum
785 3833 833 3894 est
865 3828 960 3893 nobis
993 3830 1073 3894 satis
1100 3830 1242 3915 amplum
1269 3832 1484 3915 fragmentum

312 3934 462 4020 Didymei
485 3936 592 4020 operis
615 3937 650 4000 in
673 3935 795 4000 scholio
814 3934 1031 4000 Ohoerobosci
1050 3959 1080 4020 p.
1095 3935 1184 4024 54,2
1203 3941 1236 4000 et
1254 3936 1362 4020 Etym.
1377 3935 1483 4020 Magn.

315 4042 387 4126 177,
401 4041 455 4107 53.
508 4041 617 4106 Prima
645 4047 721 4106 sunt
747 4042 816 4107 eius
846 4043 1032 4129 manifesto,
1058 4042 1091 4106 id
1123 4043 1210 4127 quod
1237 4043 1339 4108 elucet
1366 4065 1406 4107 ex
1432 4041 1484 4105 his

312 4148 419 4213 verbis
441 4148 549 4232 Etym.
572 4146 680 4233 Magn
698 4171 729 4232 p.
751 4148 828 4233 178,
848 4149 880 4212 1:
912 4151 1073 4233 ἄφενος·
1106 4149 1124 4215 ὁ
1147 4150 1284 4234 κοιητης
1307 4147 1486 4235 οὐδετέρας

312 4265 426 4341 χρᾶται
449 4264 488 4340 τῇ
511 4253 609 4338 λέξει,
631 4251 720 4331 τινὲς
743 4251 780 4319 δὲ
802 4253 991 4341 ἀρσενικῶς.
1036 4257 1074 4321 τὸ
1102 4255 1158 4322 ἀπ’
1184 4257 1339 4322 ἐνιαυτοῦ
1369 4255 1480 4342 αεριὸι

403 4484 429 4553 1)
447 4481 665 4537 Emendationes
685 4484 750 4537 sunt
767 4481 905 4537 Muelleri.
943 4483 983 4538 cf.
1002 4484 1113 4554 Fragm.
1132 4484 1198 4539 hist.
1217 4499 1308 4554 graec.
1328 4483 1367 4538 IV
1380 4502 1409 4553 p.
1422 4488 1483 4538 482.
