3390 5178
311 340 374 404 172
556 337 597 391 De
617 337 739 408 Operum
757 334 884 390 versibus
904 334 940 387 ab
959 333 1083 402 antiquis
1102 331 1235 386 laudatis.

310 507 341 568 et
356 501 514 568 Stobaeus
529 500 614 589 (vide
629 501 668 565 ad
682 524 710 565 v.
722 500 789 586 67),
811 521 947 584 quorum
970 502 1105 582 uterque
1123 496 1294 561 confirmat
1312 496 1484 561 lectionem

310 610 508 694 optimorum
526 608 685 672 librorum
704 610 873 692 στήθεσσι,
892 603 1001 693 (Meas.
1020 604 1103 667 falso
1122 606 1298 688 στήθεσφι,
1315 604 1353 667 cf.
1367 602 1484 669 Rzach.

308 716 367 782 11.
387 739 417 799 p.
437 713 509 802 38),
531 737 658 779 versum
676 714 716 778 78
741 712 910 798 Origenes,
934 709 1101 794 sabaeus,
1123 709 1317 775 Plutarchus
1341 711 1379 775 de
1402 733 1481 776 com.

308 826 374 887 not.
394 845 423 906 p.
445 820 566 908 10658,
589 843 700 886 versus
725 820 780 904 79,
804 820 861 904 80,
881 820 921 884 81
947 817 1110 903 Origenes.
1155 816 1295 882 Versum
1320 818 1359 882 81
1386 822 1418 882 et
1441 820 1484 883 82

308 930 388 994 haec
411 932 540 994 exstant
562 929 743 1013 fragmenta
766 927 849 1011 apud
868 925 1091 990 Philodamum
1110 922 1184 1009 περὶ
1205 924 1373 1007 εὐσεβείας
1393 923 1482 1010 (Pap.

313 1036 399 1100 1609
418 1059 446 1101 v.
465 1059 495 1120 p.
515 1033 580 1099 529
604 1033 799 1120 Gompera.):

780 1140 876 1218 ἄντες
899 1141 985 1225 drap

768 1230 988 1333 ιδοιμαχοντες

780 1379 820 1420 ον
844 1354 1015 1440 ἐδώρησαν

782 1461 902 1547 δράσιν
925 1460 1025 1544 ἐσομέ

826 1593 868 1633 ιν.

309 1695 375 1761 Ubi
406 1700 455 1760 est
485 1698 650 1759 exaratum
679 1716 786 1758 errore
815 1695 1023 1778 δωμαχοντες
1046 1715 1105 1776 pro
1130 1690 1251 1778 δώματ’
1280 1695 1410 1778 ἔχοντες
1432 1714 1485 1756 ne-

312 1826 374 1888 que
397 1803 523 1868 videtur
546 1824 615 1865 esse
634 1801 796 1865 codicibus
815 1799 986 1864 Hesiodeis
1006 1804 1038 1864 et
1057 1799 1190 1885 Origine
1209 1799 1484 1864 consentientibus

309 1911 398 1975 varia
421 1910 516 1974 lectio
539 1908 620 1972 illud
647 1908 810 1993 ἀνδράσιν
835 1905 1105 1991 ἐσ[σ]ομε’νοισιν,
1138 1907 1193 1970 sed
1225 1907 1340 1970 tritum
1372 1929 1484 1971 versus

309 2017 405 2081 finem
435 2017 590 2099 scripturn
618 2037 687 2079 esse
711 2015 846 2077 dixerim
875 2037 893 2077 a
921 2013 1109 2079 Philodemo
1142 2014 1313 2078 memoriae
1341 2015 1484 2078 securius

310 2123 431 2187 confiso
463 2145 523 2204 pro
555 2121 689 2204 rariore,
721 2121 777 2204 qui
807 2120 892 2204 apud
917 2119 1095 2184 Hesiodum
1122 2121 1243 2205 legitur
1271 2120 1390 2206 Theog.
1410 2119 1484 2206 512,

312 2226 398 2293 Scut.
417 2228 469 2292 29.
494 2266 535 2273 --
559 2227 599 2291 ln
621 2250 716 2292 versu
736 2228 779 2291 82
803 2226 888 2311 apud
906 2225 1076 2312 Origenem
1096 2227 1217 2312 legitur
1236 2225 1484 2314 ἐδωρήσαντο.)

401 2424 428 2490 2)
448 2419 529 2486 Quod
543 2420 636 2491 ipsum
649 2424 764 2491 propter
781 2424 902 2476 metrum
920 2420 1073 2476 tribuerem
1086 2420 1284 2491 neglegentiae
1298 2419 1416 2489 librarii,
1430 2420 1486 2474 nisi

312 2511 466 2565 adducerer
481 2510 599 2565 Tzetzae
613 2509 720 2565 scholio
735 2511 773 2564 ad
788 2510 957 2581 opinionem,
971 2509 1057 2580 paulo
1072 2527 1158 2578 quam
1172 2510 1291 2564 fortasse
1306 2509 1484 2565 audaciorem

311 2617 372 2655 esse
395 2600 455 2670 ipse
480 2600 609 2655 concedo¹
655 2599 773 2670 Legitur
790 2605 874 2670 pal.
893 2605 937 2655 11:
967 2596 1154 2669 ἐδώρησαν·
1181 2597 1284 2668 Ἀττιιιη
1312 2600 1485 2668 ἀποκοπή,

312 2688 367 2744 adv
386 2691 434 2745 καὶ
453 2698 534 2744 τοῦτο
550 2690 565 2744 ὁ
584 2686 737 2759 Πρόκλος
751 2687 878 2744 Ἰωνικὸν
896 2686 970 2761 λέγῃ.
1007 2688 1085 2743 Haec
1100 2705 1167 2743 sane
1182 2688 1299 2742 Taetaae
1318 2688 1404 2742 verba
1419 2706 1485 2743 con-

310 2779 373 2833 fusa
396 2797 481 2848 quam
504 2778 626 2832 maxime
645 2781 718 2832 sunt.
760 2779 834 2833 Nam
852 2777 992 2847 scholion,
1012 2778 1088 2847 quod
1107 2779 1340 2833 commemoratur
1358 2810 1392 2817 —
1411 2795 1485 2832 nunc

311 2885 377 2923 vero
395 2867 481 2938 periit
498 2885 550 2922 nec
569 2868 645 2937 apud
664 2867 735 2921 alios
755 2866 815 2921 eius
834 2867 901 2921 vola
919 2867 965 2921 vel
983 2866 1135 2936 vestigium
1150 2869 1315 2937 apparet-
1330 2870 1485 2937 estaperte

311 2956 512 3026 Choerobosci,
534 2973 591 3010 non
609 2955 714 3025 Procli,
734 2972 838 3025 neque,
858 2955 886 3008 id
907 2957 982 3023 quod
1001 2955 1198 3025 gravissimum
1218 2958 1273 3027 cst,
1292 2956 1322 3010 in
1341 2956 1486 3027 ἐδώρησαν

311 3048 354 3100 cst
374 3045 513 3113 ἀποκοπή.
544 3046 582 3098 At
596 3044 763 3099 crediderim
778 3044 812 3099 de
828 3040 1003 3113 ἐδωρήσαντ’
1019 3044 1106 3099 fuisse
1121 3044 1248 3099 scholion
1263 3047 1292 3099 et
1305 3045 1335 3099 in
1349 3062 1382 3100 eo
1396 3046 1485 3100 latere

314 3133 452 3203 optimam
479 3132 808 3204 praestantissimamque
835 3133 1088 3188 Alexandrinorum
1116 3133 1273 3188 doctrinam
1301 3151 1317 3189 e
1344 3134 1486 3189 veteribus

312 3221 427 3276 scholiis
446 3223 578 3276 haustam
596 3225 647 3276 aut
666 3239 699 3275 ex
718 3222 862 3292 Apollonii
881 3223 1069 3278 Herodianive
1083 3223 1156 3278 libro
1170 3241 1245 3278 nunc
1260 3223 1414 3294 deperdito,
1430 3242 1485 3292 quo

309 3310 393 3366 licuit
411 3311 604 3366 Choerobosco
624 3311 674 3367 uti.
713 3311 790 3377 Quae
808 3313 916 3366 formae
935 3311 1106 3382 ἐδωρήσαντ’
1128 3329 1252 3382 apocope
1275 3315 1369 3366 utrum
1389 3312 1487 3368 Attica

311 3417 347 3454 an
365 3400 461 3455 Ionica
490 3417 526 3454 an
549 3400 666 3455 Aeolica
689 3401 740 3469 sit,
763 3419 838 3455 nunc
860 3401 973 3456 mittam
997 3419 1138 3470 quaerere.
1176 3401 1217 3455 Re
1236 3404 1330 3457 autem
1349 3419 1406 3457 non
1424 3420 1486 3473 per-

311 3492 408 3559 specta
436 3488 508 3543 abiit
537 3489 708 3559 ἐδωοήσαντ’
729 3491 759 3543 in
788 3490 964 3560 ἐδωρήσαντο
993 3491 1068 3561 apud
1096 3490 1258 3561 Origenem,
1286 3491 1317 3544 in
1342 3490 1487 3561 ἐδώρησαν

312 3579 388 3647 apud
415 3578 554 3633 Taetzam.
585 3610 616 3620 —
643 3579 736 3648 Atque
759 3580 796 3633 ad
820 3597 879 3634 rem
902 3580 1068 3634 firmandam
1091 3580 1162 3634 hacc
1186 3579 1328 3634 sufficiant
1351 3580 1486 3635 hocloco

310 3685 410 3736 pauca.
430 3664 653 3738 (Uberiorem'de
667 3669 721 3722 hac
739 3685 769 3722 re
788 3668 1009 3738 disputationem
1028 3671 1060 3723 ut
1079 3668 1267 3723 conscriberet
1286 3672 1384 3723 auctor
1401 3669 1485 3724 huius

310 3756 531 3827 dissertationis,
554 3774 610 3811 non
633 3757 803 3812 factumest
822 3759 940 3811 adversa
958 3758 1091 3827 fortuna.)
1124 3755 1278 3828 Ἀτοκοτιῆς
1296 3757 1373 3812 illius
1392 3758 1437 3812 cui
1456 3758 1486 3812 in

309 3845 408 3916 lingua
427 3845 520 3916 prisca
537 3845 640 3900 Latina
659 3849 688 3900 et
707 3847 771 3901 aliis
790 3846 896 3917 linguis
915 3846 984 3901 satis
1005 3847 1130 3917 amplum
1148 3846 1235 3901 fuisse
1257 3847 1351 3901 locum
1374 3850 1486 3902 constat

309 3934 460 3988 Ritschelii
488 3936 517 3989 et
534 3934 664 3989 Whitnei
688 3934 801 4004 studiis,
820 3935 851 3988 in
868 3952 969 4004 graeco
989 3952 1116 3992 sermone
1134 3954 1191 3991 non
1210 3939 1253 3991 est
1276 3954 1342 3990 usus
1362 3937 1486 4006 exceptis

309 4023 566 4093 praepositionibus
597 4026 626 4077 et
655 4024 753 4093 paucis
784 4024 848 4077 aliis
872 4025 1025 4080 vocabulis.
1074 4025 1124 4096 (cf.
1148 4026 1317 4080 Ahrensium
1345 4026 1486 4096 „Dial.“l

311 4130 338 4181 p.
353 4118 405 4166 212
416 4130 466 4181 sq.‚
487 4118 537 4165 149
548 4131 597 4181 sq.‚
616 4112 721 4182 113533
741 4113 904 4167 Meistcrum
923 4113 1032 4183 „Dialf‘
1051 4116 1064 4169 Ι
1083 4115 1390 4186 283sq.‚11117sqq.;
1419 4114 1487 4171 Ger-

309 4199 401 4254 thium
428 4200 459 4253 in
488 4200 577 4255 Curtii
605 4201 701 4271 „Stud
726 4220 747 4255 z.
774 4221 814 4271 gr.
839 4221 865 4257 u.
889 4203 939 4258 lat.
963 4203 1059 4259 Grf‘l
1085 4211 1114 4274 2,
1134 4209 1186 4258 248
1197 4223 1251 4273 sq.;
1280 4205 1314 4258 de
1343 4204 1486 4275 κάμμορος

310 4288 421 4341 Homer.
441 4289 470 4341 et
487 4287 622 4357 Hesychii
645 4289 768 4359 glossam
788 4293 817 4344 et
834 4291 879 4345 W.
900 4291 1059 4345 Schulzium
1078 4292 1108 4346 in
1126 4293 1224 4346 Kuhns
1244 4292 1377 4349 Zeitschr.
1396 4293 1486 4347 XXIX
1583 4332 1591 4345 .

311 4395 339 4446 p.
355 4379 425 4445 262).
472 4376 624 4446 Amplioris
652 4378 799 4449 ἀποκοπῆς
826 4398 892 4433 usus
920 4398 977 4435 non
1001 4384 1066 4435 sunt
1090 4381 1212 4452 vestigia
1234 4380 1289 4435 nisi
1314 4382 1343 4436 ἔν
1365 4400 1417 4452 pro
1444 4381 1486 4436 ἔνι

310 4468 355 4534 (=
368 4464 467 4534 ἔνεοτι)
486 4469 511 4519 Ε
526 4471 586 4535 740,
605 4469 697 4536 δ358,
719 4473 802 4539 ι134,
814 4475 874 4538 136,
897 4490 914 4539 η
932 4476 991 4538 129,
1014 4476 1104 4540 alra,
1120 4476 1170 4524 175
1190 4472 1251 4541 etc,
1271 4470 1305 4540 νὴ
1326 4467 1362 4524 At
1379 4488 1430 4540 pro
1449 4471 1485 4540 νὴ
