3342 5168
526 379 568 433 De
586 378 680 434 Procli
698 377 1040 449 rationeinterpretandi.
1326 378 1369 444 25

196 548 273 629 post
295 544 425 608 brevius
450 541 510 606 sub
534 543 643 619 ἄλλως
664 545 860 627 repetantur,
883 542 956 626 quis
979 540 1152 629 dubitabit,
1174 542 1369 628 quinetiam

197 652 306 735 priora
324 649 446 715 fuerint
468 639 610 713 eiusdem
633 648 722 714 illius
741 648 953 734 grammatici,
977 649 1033 732 qui
1051 649 1132 715 latet
1151 649 1211 715 sub
1230 650 1371 715 formula

120 760 128 772 '
197 759 314 842 ἄλλως,
336 755 444 823 Procli
466 756 602 820 neutra?
639 754 723 831 Quid
746 761 854 820 autem
876 754 1044 821 dicendum
1067 756 1129 821 erit
1152 756 1190 821 de
1208 758 1265 843 eis,
1288 779 1370 841 quae

199 886 238 929 ex
274 867 420 942 veterum
456 862 532 929 crisi
562 861 722 926 Hesiodea
759 865 932 945 supersunt
970 861 1005 926 in
1037 861 1191 927 scholiis?
1236 863 1299 928 Hic
1329 884 1370 929 ne

198 971 340 1058 dubites,
366 974 484 1035 testem
512 991 623 1033 rursus
652 969 814 1034 advocabo
841 969 949 1052 ipsum
970 968 1128 1034 Proclum.
1173 968 1293 1035 Hausit
1315 969 1371 1035 ille

198 1099 237 1143 ex
263 1078 354 1143 fonte
381 1098 440 1143 suo
468 1073 587 1163 (quode
614 1072 713 1161 infra)
736 1075 772 1141 in
799 1074 1038 1162 prolegomenis
1067 1074 1164 1141 etiam
1193 1098 1275 1161 quae
1300 1099 1370 1162 per-

197 1184 303 1249 tinent
331 1183 370 1248 ad
397 1182 555 1267 prooemii
583 1181 755 1248 athetasim
780 1181 1038 1267 Praxiphaneam
1066 1186 1098 1247 et
1119 1180 1370 1250 Aristarcheam.

197 1291 271 1375 lpse
290 1294 398 1356 tamen
417 1311 490 1355 cum
509 1293 696 1375 agnosceret
709 1289 919 1373 prooemium,
936 1287 1019 1374 vide,
1036 1310 1133 1372 quam
1146 1288 1371 1355 Aristarcheae

198 1397 334 1462 rationis
366 1418 497 1461 securus
529 1397 573 1462 sit
603 1395 792 1461 hariolatus.
838 1395 958 1460 Totum
989 1399 1080 1461 tenes
1102 1396 1267 1482 Proetum,
1298 1417 1371 1461 cunr

198 1503 440 1587 Praxiphaneae
467 1503 644 1568 sententiae
670 1502 750 1567 haec
776 1502 925 1588 iniungat
952 1499 997 1589 (p.
1021 1500 1071 1590 4):
1098 1501 1153 1569 καὶ
1181 1504 1244 1588 γὰρ
1272 1512 1370 1570 τοῦτο

198 1609 326 1695 πρέπον
355 1605 414 1693 ἦν,
446 1610 491 1686 ὡς
519 1612 619 1692 ἔοικε,
651 1607 750 1695 ἀνδρὶ
772 1610 916 1693 γράφειν
942 1610 1025 1674 ἄνευ
1051 1619 1175 1693 σκηνῆς
1201 1620 1372 1695 ποιητικῆς

166 1766 169 1772 .
200 1716 404 1801 ἐγχειροῦντι
440 1713 496 1780 καὶ
532 1716 597 1800 πρὸ
633 1722 751 1801 θυρῶν
783 1717 886 1797 ὄγκον
918 1713 1176 1804 ἐπιδεικνυμένῳ
1208 1719 1371 1801 περιττόν.

200 1822 354 1905 ἐπάγεται
382 1820 422 1887 δέ
445 1845 539 1899 τινας
565 1823 603 1887 τὸ
631 1822 675 1905 μὴ
703 1820 767 1887 ἀπὸ
790 1831 851 1887 τοῦ
870 1819 1048 1898 Ἑλικῶνος
1068 1826 1198 1905 καλείν,
1221 1824 1372 1887 Βοιωτὸν

200 1930 290 2012 ὄντα,
313 1929 371 2004 τας
389 1928 542 2010 Μούσας,
565 1928 674 2013 ὥσπερ
698 1927 735 1994 ἐν
757 1937 796 2013 τῇ
818 1931 981 2015 Θεογονίᾳ
1001 1932 1189 2012 πεποίηκεν,
1212 1926 1283 1994 ἀλλ’
1306 1928 1371 1994 ἀπὸ

198 2043 258 2118 τῆς
276 2037 426 2120 Πιερίας,
449 2037 497 2111 εἰς
519 2035 557 2099 τὸ
581 2034 625 2119 μὴ
648 2038 847 2119 προσίεσθαι
869 2035 906 2100 τὸ
929 2038 1116 2119 προοίμιον.
1152 2035 1247 2120 τάχα
1270 2029 1301 2099 d’
1325 2034 1371 2100 dv

199 2147 259 2224 είη
282 2138 346 2206 καλ
369 2150 485 2206 τοῦτο
508 2141 782 2224 παιδευτικόν,
814 2144 871 2218 είς
892 2143 935 2207 τὸ
958 2142 1007 2226 μὴ
1029 2142 1155 2207 πάντα
1176 2143 1221 2207 τὰ
1245 2143 1371 2207 οίκεία

199 2248 426 2333 σεμνύνειν,
444 2246 528 2314 ἀλλὰ
546 2244 601 2312 καὶ
619 2248 660 2312 τὰ
678 2245 754 2333 παρ’
773 2249 887 2326 ἄλλοις
901 2250 982 2313 ὄντα
996 2251 1152 2333 μειζόνως
1166 2248 1278 2331 ἀγαθὰ
1291 2269 1371 2333 προ-

198 2357 354 2440 τιμότερα
379 2364 448 2420 τῶν
474 2355 606 2419 οίκείαιν
633 2357 792 2420 τίθεσθαι
814 2360 882 2420 κτλ.
928 2352 1081 2419 Getarum
1104 2354 1186 2419 solet
1211 2355 1246 2419 in
1268 2375 1372 2440 gram-

199 2460 317 2526 matica
348 2459 495 2525 doctrina
525 2460 716 2544 proferenda
746 2461 944 2545 acquiescere
971 2461 1007 2526 in
1033 2461 1135 2545 copiis
1161 2460 1371 2526 Plutarcheis.

198 2567 292 2633 Unde
305 2567 354 2653 fit,
366 2571 404 2631 ut
419 2588 513 2650 saepe
527 2567 607 2631 satis
620 2566 740 2631 habeat
759 2588 921 2650 opponere
936 2566 1003 2632 illis
1017 2567 1234 2633 Plutarchum.
1267 2568 1371 2654 Legae

200 2696 282 2758 quae
300 2676 377 2738 sunt
397 2672 436 2737 ad
454 2695 483 2737 v.
498 2672 564 2738 370
578 2671 622 2760 (p.
637 2670 732 2760 230):
755 2673 894 2749 τούτους
913 2670 950 2738 δὲ
968 2677 1047 2750 τοὺς
1064 2677 1198 2758 στίχους
1216 2672 1372 2758 ἐξέβαλον

201 2777 333 2867 (τινες),
360 2779 378 2845 ὁ
408 2775 445 2844 δὲ
468 2779 686 2864 Πλούταρχος
714 2777 865 2864 ἐγκρίνει.
911 2779 984 2845 δεῖν
1011 2781 1074 2865 γὰρ
1102 2778 1157 2844 καλ
1185 2781 1245 2845 τὸν
1270 2783 1372 2863 φίλον

201 2886 367 2971 συνεργὸν
393 2886 666 2971 παραλαμβάνειν
694 2883 747 2951 ἐπὶ
775 2883 948 2975 ὡρισμένῳ
972 2893 1093 2973 μισθῷ.
1138 2883 1189 2950 Ne
1211 2885 1372 2950 intellexit

200 2993 329 3078 quidem
346 2992 408 3057 hoc
425 2993 497 3057 loco
515 2991 660 3079 Proolus‚
680 3014 737 3057 cur
754 2992 790 3057 in
808 2992 1023 3076 suspicionem
1040 3014 1153 3057 versus
1171 2995 1370 3057 vocarentur.

200 3097 283 3164 Sane
306 3099 500 3184 quibusdam
522 3121 711 3183 persuasum
734 3102 803 3164 erat
826 3121 880 3164 eos
902 3103 940 3164 ut
960 3098 1131 3184 proverbia
1153 3102 1210 3163 aut
1232 3099 1372 3165 aliorum

200 3210 257 3271 aut
278 3206 401 3272 nullius
425 3205 556 3271 omnino
579 3206 721 3271 auctoris
745 3227 825 3293 esse,
847 3206 875 3271 si
898 3206 1027 3290 quidem
1049 3206 1114 3271 tale
1137 3206 1216 3290 quid
1233 3206 1372 3271 efficitur

200 3334 238 3377 ex
270 3312 337 3378 illis
364 3312 552 3378 Aristotelis
584 3311 738 3401 verbia¹)‚
771 3335 853 3397 quae
884 3314 1047 3397 pertinent
1079 3313 1118 3378 ad
1145 3335 1274 3379 versum
1297 3314 1371 3380 370.

199 3418 275 3485 Iure
300 3421 445 3503 profecto
472 3420 553 3485 mihi
579 3420 690 3486 videor
717 3443 736 3484 a
763 3419 878 3485 Proclo
907 3420 1102 3506 abiudicata,
1129 3421 1157 3485 si
1187 3441 1269 3505 quae
1295 3423 1372 3485 sunt

199 3530 268 3591 tam
294 3527 474 3610 exquisitae
501 3527 680 3613 doctrinae,
708 3548 804 3610 quam
831 3530 921 3614 sunt,
949 3549 1030 3612 quae
1057 3530 1187 3592 exstant
1214 3527 1254 3592 ad
1276 3550 1304 3591 v.
1328 3527 1369 3591 97

201 3630 246 3719 (p.
276 3629 368 3719 103):
400 3643 498 3700 τοῦτο
531 3630 568 3699 δὲ
599 3630 655 3699 καὶ
683 3635 845 3718 Kapauta
877 3634 895 3700 ὁ
928 3633 1156 3719 ἀρχιοινοχόος
1187 3644 1247 3699 τοῦ
1279 3637 1371 3718 βασι-

201 3734 282 3813 λέως
308 3738 527 3822 προῦτεινε.
573 3739 695 3824 φησὶν
718 3728 783 3806 οὖν
804 3738 1030 3826 Ἀρίσταρχος,
1059 3740 1109 3806 ὅτι
1132 3740 1153 3823 ἡ
1176 3736 1238 3823 μὲν
1259 3751 1372 3805 κακῶν

202 3845 311 3927 ἔμεινε
332 3849 413 3926 κτλ,
434 3845 486 3908 vel
508 3845 548 3909 ad
569 3869 598 3911 v.
617 3844 682 3911 529
706 3844 751 3932 (p.
770 3842 864 3931 318),
892 3843 948 3909 ubi
971 3843 1111 3910 Cratetis
1138 3845 1195 3910 illa
1217 3845 1315 3910 lectio
1339 3850 1371 3911 et

201 3949 333 4014 affertur
356 3953 388 4014 et
411 3951 596 4034 explicatur.
632 3952 705 4018 Mea
728 3951 857 4036 quidem
879 3952 1039 4016 sententia
1057 3952 1097 4016 ab
1116 3951 1246 4037 ingenio
1265 3950 1372 4017 Procli

200 4056 323 4121 alienus
347 4061 396 4121 est
418 4058 470 4121 rel
488 4059 568 4123 artis
585 4059 817 4123 vocabulorum
834 4080 922 4144 usus,
944 4080 1026 4143 quae
1044 4059 1250 4143 frequentant
1267 4081 1371 4145 gram·

200 4163 320 4248 matiei,
343 4186 544 4249 quorumque
565 4164 665 4230 habes
688 4165 832 4250 exempla
854 4165 890 4230 in
911 4165 1103 4253 Proclianis,
1128 4169 1309 4250 quaesunt
1332 4165 1371 4229 ad

200 4293 229 4334 v.
257 4271 322 4334 277
355 4270 400 4356 (p.
428 4268 506 4358 191)
539 4275 572 4336 et
594 4309 638 4318 —
664 4271 759 4354 plura
790 4275 898 4337 autem
929 4272 989 4338 hac
1020 4273 1059 4337 de
1091 4294 1125 4337 re
1156 4272 1307 4337 infra-
1331 4273 1371 4338 ad

200 4414 412 4424 ψ-

292 4502 317 4570 1)
335 4498 427 4554 neno.
446 4499 555 4555 uiam.
574 4499 613 4554 rx
630 4518 656 4570 p.
674 4505 758 4556 neu
772 4506 819 4571 ιι,
837 4500 928 4556 nina.
947 4500 1018 4557 aua.
1032 4501 1097 4559 vm
1114 4519 1141 4571 p.
1158 4496 1242 4555 raab
1257 4505 1299 4556 ιι.
