3342 5168
429 331 478 405 De
490 331 600 386 Veteris
618 330 782 400 interpretis
800 330 910 386 ratione
928 330 1142 400 interpretandi.
1327 331 1371 396 29

204 496 337 571 νεικίας.
382 491 488 558 Huius
517 497 550 558 et
578 497 744 558 accuratae
769 498 803 559 et
829 493 1039 559 brevissimae
1065 492 1214 559 vocabuli
1239 494 1303 580 ίίρα
1326 516 1376 558 ex-

204 600 388 684 plicationis
420 600 579 668 neemia
604 622 663 666 nec
690 600 865 686 vestigium
893 599 978 684 apud
1004 599 1162 665 Proclum.
1207 599 1309 665 Porro
1336 600 1377 665 ad

204 730 232 772 v.
254 707 318 771 130
341 705 385 794 (p.
408 705 503 795 123);
535 708 617 772 κατὰ
649 709 839 794 σύγκρισιν,
872 705 942 773 ἐπεὶ
974 707 1015 772 ού
1046 718 1115 772 τῶν
1142 705 1171 793 ρ’
1199 706 1377 784 ἐλλύττους

205 816 293 892 ἔζων.
343 815 380 879 τὸ
418 810 455 879 δὲ
492 811 609 879 ἑκατὸν
642 814 704 880 οὐκ
737 813 790 879 ἐπὶ
820 812 1007 900 ὡρισμένου
1039 815 1177 897 χρόνου,
1215 811 1285 878 ἀλλ’
1323 811 1376 879 ἐπὶ

204 922 369 1002 πλήθους·
398 922 466 985 ἔστι
493 921 556 1006 γὰρ
584 919 742 1005 ἀόριστον
768 919 842 985 ἀντὶ
864 928 926 985 τοῦ
948 920 1062 985 πολλοί.
1108 917 1139 983 A
1161 918 1275 984 Proclo
1298 918 1377 984 haec

205 1025 336 1091 absunt:
363 1026 449 1090 huno
472 1026 582 1110 potius
604 1027 673 1091 veri
697 1030 746 1092 est
769 1026 874 1091 simile
897 1048 970 1092 cum
991 1025 1157 1090 nonnullis
1180 1025 1377 1090 nostratium

204 1132 336 1216 proprio
360 1153 457 1197 sensu
476 1131 593 1199 ἑκατὸν
611 1134 786 1217 accepisset
810 1133 904 1197 aliter
923 1132 1009 1196 enim
1026 1132 1097 1197 fieri
1114 1153 1181 1196 non
1198 1132 1317 1218 potuit,
1339 1135 1377 1197 ut

204 1239 233 1302 ei
265 1238 428 1304 videretur
454 1262 483 1304 v.
510 1239 572 1306 133
605 1262 678 1305 cum
700 1262 728 1304 v.
750 1239 814 1304 130
845 1259 1003 1324 pugnare3
1034 1239 1073 1303 cf.
1106 1239 1175 1304 eius
1206 1237 1305 1302 verba
1336 1237 1377 1302 ad

203 1367 232 1409 r.
254 1345 317 1411 133
342 1343 496 1434 (Ρ.124);
524 1349 555 1412 εί
579 1352 691 1433 πολλῷ
714 1349 823 1434 χρόνῳ
847 1344 1037 1430 ἐτρέφοντο,
1061 1345 1177 1428 ὀλίγον
1200 1341 1237 1410 δὲ
1260 1343 1376 1423 διέζων

203 1448 258 1516 καὶ
281 1452 436 1537 ῆκμαζον,
461 1464 531 1530 πῶς
555 1454 590 1518 οί
609 1454 789 1538 τρέφοντες
811 1451 933 1529 αὐτοὺς
955 1451 1085 1538 διέζων;
1108 1457 1188 1528 ἴσως
1210 1445 1272 1516 ούν
1295 1453 1377 1537 πρὸς

204 1556 388 1642 ἀπολογίαν
414 1569 474 1643 τῆς
501 1558 671 1645 ἐκτροφῆς.
718 1557 805 1634 Quae
830 1561 1024 1645 sequuntur,
1049 1557 1284 1642 proculdubio
1307 1557 1376 1623 eius

203 1684 270 1727 non
293 1667 384 1749 sunt,
412 1664 467 1729 aed
488 1664 617 1731 Veteris
641 1665 743 1752 illius,
770 1665 804 1729 id
827 1665 913 1750 quod
934 1665 986 1730 rel
1008 1665 1079 1748 ipsa
1100 1664 1199 1730 verba
1221 1664 1376 1729 indicant:

203 1771 242 1834 τὸ
275 1767 312 1835 δὲ
342 1772 522 1856 παυρίδιον
555 1769 744 1859 ζώεσκονῙ),
776 1772 822 1849 ὡς
853 1774 936 1856 πρὸς
963 1772 1138 1855 σύγκρισιν
1165 1782 1233 1837 τῶν
1260 1770 1376 1837 ἑκατὸν

206 1874 297 1942 ἐτῶν.
333 1876 407 1942 Nisi
425 1877 509 1942 forte
527 1878 613 1944 dicas
633 1878 765 1945 subesse
784 1878 1025 1943 adnotationem
1044 1877 1197 1943 acutioris
1210 1877 1376 1943 cuiusdam

204 1981 330 2047 librarii
353 1983 393 2047 ad
416 1983 522 2049 Procli
545 1985 704 2050 scholium
726 2007 764 2050 ex
786 1984 916 2050 Veteris
939 1984 1085 2050 doctrina
1107 1985 1309 2069 adscriptam

294 2088 442 2175 Denique
469 2089 531 2156 hoc
558 2113 686 2177 quoque
713 2092 884 2157 intercedit
910 2092 997 2156 inter
1017 2091 1169 2156 Proclum
1195 2095 1228 2157 et
1257 2113 1375 2176 anony-

204 2218 292 2260 mum
319 2196 427 2285 illum,
454 2200 491 2261 ut
519 2198 675 2282 simplicis
700 2199 942 2286 periphraseos‚
968 2220 1033 2283 qua
1054 2197 1187 2264 Proclus
1210 2220 1376 2283 nunquam

203 2304 369 2389 utebatur,
392 2304 477 2388 apud
498 2303 585 2370 hunc
606 2306 700 2389 plura
724 2309 800 2371 sunt
824 2305 970 2390 exempla
992 2309 1024 2370 et
1047 2305 1177 2390 quidem
1200 2305 1260 2371 sub
1278 2305 1376 2370 finem
1502 2382 1506 2388 Ι

203 2410 341 2475 maxime
369 2410 528 2477 carminis.
575 2409 729 2478 Conseras
758 2413 798 2477 ad
827 2435 856 2477 v.
876 2413 940 2479 618
965 2410 1009 2499 (Ρ.
1029 2411 1123 2499 373):
1150 2407 1248 2489 οὗτος
1272 2408 1334 2497 μὲν
1357 2412 1375 2479 δ

203 2521 307 2595 πλοῦς
334 2519 469 2602 ἄριστος
497 2517 552 2584 καὶ
582 2518 746 2604 ἀβλαβής,
776 2519 816 2585 δν
843 2521 913 2586 ἄνω
941 2525 1081 2606 εἴρηκεν.
1127 2520 1231 2584 ἄλλον
1258 2517 1298 2583 δέ
1322 2536 1375 2584 σοι

204 2620 289 2705 λέγω
307 2624 465 2710 δεύτερον
483 2630 600 2711 πλοῦν,
624 2625 664 2691 οὐ
682 2628 827 2711 χρηστὸν
844 2623 916 2711 μέν,
936 2626 1019 2692 ἀλλὰ
1039 2626 1094 2690 διὰ
1112 2626 1173 2709 τῆν
1191 2625 1376 2709 ἀπληστίαν

202 2739 271 2795 τῶν
289 2727 490 2815 ἀνθρώπων,
509 2731 563 2797 ὅτε
582 2730 716 2817 γένηται
734 2734 772 2798 τὸ
791 2738 922 2817 φῦλλον
939 2740 998 2816 τῆς
1015 2741 1118 2816 συκῆς
1136 2732 1217 2797 ὅσον
1236 2730 1375 2815 ἐπιβᾶσα

203 2831 224 2916 ἡ
251 2836 382 2920 κορώνη
411 2835 448 2905 ἐν
474 2847 513 2923 τῆ
541 2847 582 2924 γῆ
610 2852 701 2904 ποιεί
726 2841 833 2905 τύπον
859 2848 920 2904 τοῦ
942 2840 1062 2923 ποδός,
1089 2841 1128 2904 τὸ
1150 2837 1293 2923 μέγεθος
1315 2847 1375 2905 τοῦ

204 2942 335 3025 φύλλου
362 2943 417 3009 ὅτε
440 2933 461 3029 ᾖ
484 2953 661 3030 τοσοῦτον,
687 2952 840 3012 πλεῦσον.
888 2948 953 3030 ἔχει
977 2941 1014 3010 δὲ
1039 2941 1178 3031 ἐμφερὲς
1200 2945 1221 3029 ἡ
1243 2945 1374 3030 κορύνη

203 3048 240 3111 τὸ
263 3058 324 3114 τοῦ
343 3051 447 3127 ποδὸς
465 3047 554 3128 εἶδος
571 3064 642 3129 τοῖς
660 3054 801 3137 φύλλοις
818 3063 877 3138 τῆς
896 3061 1006 3137 συκῆς.
1042 3052 1166 3138 κράδας
1184 3048 1221 3117 δὲ
1240 3048 1374 3135 λέγουσι

203 3157 281 3232 τοὺς
299 3154 398 3233 νέους
416 3163 574 3235 συκίνονς
592 3163 765 3243 βλαστούς,
784 3160 848 3225 ἀπὸ
866 3169 928 3225 τοῦ
947 3159 1191 3245 εὐκραδύντους
1204 3158 1373 3244 ὑπάρχειν.

203 3259 249 3324 Et
262 3264 339 3326 sunt
351 3262 449 3328 huius
463 3265 590 3350 generis
604 3266 677 3350 alia,
696 3288 763 3331 non
775 3288 877 3350 pauca
891 3287 928 3330 ea
940 3265 1009 3352 illo,
1022 3286 1119 3349 quem
1132 3265 1282 3349 diximus,
1293 3264 1373 3328 loco.

292 3367 378 3434 Satis
397 3370 461 3434 iam
479 3371 871 3460 intellexistidisorimen,
894 3372 980 3457 φοοδ
997 3373 1175 3458 posuimus,
1193 3393 1263 3436 esse
1281 3369 1375 3455 idem,

204 3475 289 3557 quod
317 3476 475 3562 disiungit
502 3500 521 3541 a
548 3477 756 3562 philosophia
783 3480 1034 3564 grammaticam.
1081 3475 1200 3543 Statim
1226 3477 1375 3563 efficitur,

203 3580 236 3645 id
268 3583 354 3664 quod
385 3584 613 3669 gravissimum
645 3588 708 3671 est,
743 3586 851 3651 fontes
884 3608 1012 3671 quoque
1043 3585 1173 3669 utrique
1203 3584 1373 3669 interpreti

203 3687 303 3752 tuisse
326 3688 478 3754 diversos.

292 3791 442 3859 Ceterum
474 3796 600 3862 videtur
633 3799 729 3864 certis
761 3799 954 3883 quibusdam
986 3796 1186 3884 argumentis
1218 3797 1374 3861 affirmari

202 3921 298 3983 posse
322 3922 518 3984 anonymum
539 3903 748 3988 interpretem
767 3904 970 3971 Christianae
989 3905 1064 3969 fidei
1083 3903 1246 3970 addictum
1264 3903 1373 3990 fuisse,

203 4007 289 4091 quod
317 4010 515 4092 quantopere
542 4033 562 4074 a
583 4010 698 4077 Proclo
722 4012 906 4097 abhorreat,
933 4034 1000 4077 non
1022 4014 1085 4098 est,
1108 4010 1195 4095 quod
1216 4031 1372 4075 moneam.

202 4111 252 4177 Ita
279 4114 365 4179 enim
393 4115 448 4180 ilie
475 4116 565 4182 adv.
587 4117 649 4182 169
674 4116 718 4205 (Ρ.
740 4115 833 4206 142):
865 4120 1022 4203 μακάρων
1053 4121 1178 4202 νήσους
1208 4126 1273 4183 νῦν
1304 4119 1372 4183 τὸν

203 4221 455 4306 Παρύδεισον
487 4226 720 4308 αἰνίττεται,
751 4226 824 4308 ῆτοι
857 4228 894 4292 τὸ
927 4222 1013 4312 παρ’
1048 4224 1184 4301 αὐτοῖς
1212 4223 1373 4290 Ἠλύσιον

201 4363 414 4375 ———....

293 4453 320 4520 1)
333 4450 365 4504 τὸ
380 4449 411 4504 δὲ
424 4450 520 4519 potius
535 4453 579 4505 est
592 4451 743 4506 delendum
757 4455 786 4507 et
799 4450 952 4523 παυρίδιον
961 4453 1081 4519 ζώεσκον
1089 4452 1193 4507 lemma
1201 4451 1370 4507 habendum.
