3390 5178
558 393 600 446 De
619 391 741 462 Operum
760 391 850 447 altera
868 392 1038 448 recensione.
1320 393 1385 457 229

302 580 331 621 u.
350 556 416 620 303
439 557 523 643 τῷδε
540 608 547 621 .
562 607 569 620 .
584 607 591 622 .
608 565 783 641 νεμεσοῦσι
800 607 807 620 .
823 606 830 619 .
845 607 851 620 .
866 607 873 623 .
891 556 981 633 ὅστις
1005 555 1174 622 Stobaeus.

169 741 171 747 .
303 685 332 726 v.
352 662 418 727 304
442 668 550 740 ἴκελος
572 663 676 748 ὀργήν
699 662 822 728 scholia
844 663 1072 750 Alexandrina,
1095 651 1261 738 Stobaeus.

271 841 273 845 ,
305 792 334 834 v.
354 768 419 834 306
429 791 476 855 sq.
497 769 643 853 κάματον
661 770 824 852 νήποινον
843 771 979 835 ἔδουσιν
999 774 1004 849 Ι
1024 754 1200 856 τρύχοντες
1218 769 1385 836 Stobaeus.

304 898 331 940 v.
352 876 416 939 309
441 875 656 961 ἐργαζόμενος
677 879 764 961 aoth
787 879 940 961 φίλτερος
962 876 1056 940 idem.

304 1007 331 1048 v.
352 983 418 1048 310
440 984 529 1047 deest
552 982 637 1066 apud
661 982 806 1048 eundem.

304 1113 332 1155 v.
352 1091 416 1155 347
441 1090 477 1167 ὅς
502 1084 532 1154 κ’
559 1092 679 1175 ἔμμορε
703 1089 796 1153 idem.

304 1220 333 1262 v.
353 1197 417 1261 368
442 1194 628 1281 ἀρχομένου
651 1193 688 1261 δὲ
711 1200 817 1261 πίθου
839 1195 1040 1262 Plutarchus,

305 1328 334 1369 v.
354 1305 418 1368 376
443 1305 540 1381 σώζοι
563 1325 623 1387 pro
647 1308 697 1386 εἴη
720 1302 805 1366 idem
827 1302 863 1366 in
885 1324 997 1368 comm.

303 1434 332 1475 v.
352 1410 415 1477 377
441 1402 529 1474 deest
552 1409 638 1493 apud
661 1409 805 1473 eundem.

305 1540 333 1583 v.
353 1517 418 1581 394
441 1518 481 1582 τδι
504 1514 617 1601 μέταζε
639 1515 852 1581 Herodianus.

303 1647 332 1688 v.
351 1624 416 1688 406
449 1624 538 1688 deest
572 1622 657 1707 apud
688 1621 898 1688 Aristotelem
930 1627 962 1688 et
994 1624 1078 1708 apud
1110 1624 1320 1689 Plutarchum
1351 1626 1386 1689 in

215 1731 454 1796 commentario.

303 1861 331 1902 v.
351 1839 416 1902 426
440 1839 521 1916 ἄψιν
543 1836 756 1920 Herodianus,
780 1837 878 1902 schol.
902 1837 1127 1902 Alexandrina.

304 1969 333 2010 r.
352 1943 418 2009 626
441 1942 496 2009 καὶ
521 1942 558 2009 ἐν
580 1945 679 2026 ἤθεσι
701 1942 904 2008 Plutarchus.
998 2015 1001 2018 ,

304 2075 332 2117 r.
353 2051 418 2115 700
442 2053 531 2117 deest
554 2052 639 2136 apud
662 2051 846 2118 Stobaeum.

302 2181 331 2222 v.
353 2158 417 2223 704
441 2159 659 2242 δειπνολόχου
683 2157 781 2223 schol.
804 2156 1032 2245 Alexandrina,
1056 2158 1224 2226 Stobaeus.

301 2289 331 2330 u.
351 2263 415 2328 706
440 2264 477 2330 ἐν
499 2265 577 2352 ὠμῷ
599 2265 702 2348 γήραι·
722 2272 828 2348 θῆκεν
850 2265 1053 2351 Plutarchus,
1077 2266 1244 2332 Stobaeus.

301 2395 330 2437 v.
350 2371 414 2436 736
438 2373 617 2455 δυστήνοιο
640 2370 844 2436 Plutarchus.

302 2501 331 2542 v.
352 2477 526 2542 794-797
551 2477 668 2541 desunt
690 2478 776 2562 apud
797 2477 1008 2543 Plutarchum
1030 2481 1065 2544 in
1088 2481 1327 2546 commentario.

304 2582 422 2648 Omnes
452 2606 539 2670 ver0,
571 2606 652 2668 quos
683 2585 776 2648 licuit
808 2585 962 2650 advocare
994 2590 1094 2651 testes
1122 2588 1254 2652 alterius
1280 2610 1385 2653 reeen-

213 2691 328 2776 sionis,
361 2691 587 2775 gravissimum
616 2694 664 2754 est
691 2691 776 2755 inter
804 2713 838 2755 se
865 2692 1049 2775 conspirare
1076 2692 1136 2776 ita,
1163 2696 1200 2757 ut
1226 2714 1386 2777 nusquam

214 2798 347 2862 alterius
379 2797 483 2862 ullum
513 2797 737 2861 testimonium
763 2802 885 2884 pugnet
912 2820 985 2862 eum
1013 2798 1208 2864 testimoniis
1236 2800 1385 2886 aliorum,

214 2906 254 2969 ad
282 2927 382 2970 unum
411 2925 522 2969 omnes
550 2926 676 2988 semper
700 2908 756 2968 aut
778 2905 902 2970 faciunt
925 2927 997 2969 eum
1020 2906 1113 2970 libris
1137 2905 1305 2971 Hesiodeis
1328 2911 1385 2973 aut

213 3017 368 3098 pugnant.
409 3010 676 3076 Manifestissimo
699 3011 801 3096 igitur
823 3010 927 3076 elucet
950 3033 1061 3077 omnes
1085 3012 1278 3097 exemplaria
1301 3013 1383 3078 eius-

212 3121 284 3184 dem
307 3119 457 3184 editionis
481 3119 625 3183 tenuisse
647 3118 807 3184 manibus.
848 3118 936 3195 Quae
958 3121 1089 3198 ἔνδοσις
1111 3142 1183 3184 cum
1205 3120 1384 3205 permultas

212 3228 296 3313 illas,
319 3248 399 3312 quas
423 3211 621 3312 collegimus,
643 3225 749 3290 varias
772 3223 928 3291 lectiones
947 3226 1138 3314 exhibuerit,
1161 3250 1242 3313 quae
1261 3228 1384 3293 alienae

213 3340 290 3398 sunt
308 3356 326 3397 a
345 3334 486 3419 vulgata,
508 3333 688 3398 necessario
707 3334 853 3398 ducimur
872 3333 912 3398 ad
929 3334 1146 3411 recensionem
1164 3335 1299 3401 alteram
1316 3335 1385 3401 rul-

212 3443 306 3525 gatae
329 3439 587 3503 dissimillimam.

301 3542 402 3608 Cuius
429 3545 624 3610 recensionis
651 3545 784 3610 alterius
811 3549 937 3610 textum
963 3546 1112 3612 novimus
1139 3571 1292 3614 versuum
1318 3550 1382 3614 201

212 3651 258 3740 (6,
291 3652 342 3737 11,
373 3652 515 3735 21-26,
547 3651 689 3736 40-42,
720 3652 773 3736 46,
805 3653 858 3735 46,
889 3653 943 3737 48,
970 3652 1113 3739 63-82,
1140 3655 1192 3740 86,
1220 3657 1384 3742 94-104,

215 3757 398 3842 111-126,
433 3757 506 3842 141,
540 3759 724 3844 174-182,
759 3759 944 3847 190-196,
975 3761 1150 3825 210-221
1181 3758 1235 3848 (ex
1265 3760 1383 3850 parte),

213 3866 287 3950 234,
311 3864 387 3950 236,
409 3864 595 3949 240-247,
619 3864 694 3951 262,
716 3864 791 3949 263,
814 3865 1000 3951 266-269,
1024 3866 1099 3951 266,
1122 3868 1197 3953 266,
1215 3867 1291 3954 270,
1309 3870 1384 3954 272,

212 3971 400 4057 276-279,
435 3972 622 4057 286-297,
653 3971 840 4058 303-306,
873 3971 1058 4057 308-313,
1091 3973 1278 4061 317-320,
1309 3975 1385 4063 342,

212 4079 399 4162 346-348,
423 4078 498 4162 362,
521 4077 708 4163 366-362,
730 4078 804 4164 368,
823 4078 898 4163 370,
917 4079 992 4164 371,
1011 4079 1198 4166 373-376,
1216 4081 1291 4165 377,
1310 4081 1385 4166 378,

212 4186 288 4272 394,
303 4184 389 4268 406,
411 4185 488 4268 410,
510 4185 585 4269 411,
608 4186 684 4269 426,
706 4185 782 4269 493,
804 4184 992 4271 498-601,
1013 4185 1089 4273 619,
1112 4186 1187 4272 626,
1209 4185 1285 4274 696,
1308 4188 1383 4273 643,

213 4293 287 4373 686,
320 4290 515 4375 696-699,
548 4292 742 4376 701-707,
774 4292 848 4377 717,
882 4293 956 4379 718,
984 4291 1059 4378 736,
1086 4293 1161 4378 736,
1189 4293 1383 4379 742-744,

213 4399 286 4483 748,
314 4399 389 4485 763,
417 4399 492 4483 764,
519 4399 592 4483 770,
622 4397 827 4485 lea-797),
858 4399 893 4463 in
920 4399 972 4463 his
998 4399 1112 4464 insunt
1138 4399 1182 4464 62
1209 4400 1382 4465 varietates

215 4503 311 4568 modo
338 4504 474 4570 minoris
501 4505 597 4570 modo
624 4504 756 4570 maioris
783 4505 951 4591 momenti3
981 4506 1020 4570 17
1049 4528 1160 4571 versus
1183 4509 1292 4571 textus
1315 4508 1383 4573 vul·
