3390 5178
447 340 490 396 De
509 340 631 411 Operum
648 339 774 394 versibus
794 341 830 395 ab
849 339 974 408 antiquis
993 338 1126 394 laudatis.
1317 338 1378 404 187

203 503 270 569 rico
292 504 397 569 multo
416 502 519 589 magis
538 504 601 568 sibi
624 503 703 568 trito
726 504 886 589 corrigere
909 502 973 568 sibi
991 503 1153 568 videretur
1171 504 1310 569 formam
1333 503 1381 568 in-

204 610 333 676 solitam
351 609 507 676 Hesiodi?
551 608 659 695 Atque
676 633 717 675 ne
735 610 832 675 fidem
849 610 986 675 habeam
1004 610 1219 697 irrscriptioni,
1241 632 1380 676 commo-

203 740 280 783 veor
303 718 462 803 imprimis
485 717 632 783 versibus
656 716 721 782 200
745 722 778 782 ot
801 718 955 803 201,‚qui
979 717 1033 783 hic
1056 720 1133 782 sunt
1155 717 1324 783 intituler

204 862 318 939 Αἰδὼς
340 860 517 945 Eutropio
536 860 586 945 τ[ε
605 861 689 937 Διὸς
712 857 750 926 dt
769 860 957 945 dcxluadloc
977 860 1097 946 ἥστη[ν
1115 858 1379 947 (cf.Kaibel.l.l.)

205 967 416 1053 αὐτό[ματ]οι
440 964 477 1032 δὲ
500 967 617 1048 redibo
640 967 761 1053 μύκον]
786 966 943 1056 οὐρανῷ,
966 966 1016 1051 ἕ]ς
1038 964 1086 1051 [δ’
1114 966 1201 1051 ῖτ]ον
1218 961 1323 1052 Ὧραι.

292 1109 385 1196 Quid,
407 1109 492 1194 quod
511 1111 700 1174 coniunctus
720 1113 769 1174 est
787 1132 898 1176 versus
917 1107 1097 1175 Hesiodeus
1116 1132 1189 1174 cum
1206 1108 1380 1175 Homerico

202 1215 378 1304 (posterior
393 1221 442 1281 est
461 1216 545 1280 enim
564 1215 592 1280 Ε
614 1217 632 1279 7
635 1214 704 1305 49),
722 1221 818 1302 atque
837 1222 971 1301 uterque
991 1239 1087 1302 quam
1105 1217 1244 1282 maxime
1262 1216 1382 1282 recedit

203 1325 244 1389 ab
267 1323 346 1408 ipsis
373 1327 542 1408 poetarum
569 1323 698 1389 verbis?
739 1323 888 1390 Huncine
919 1328 1035 1390 testem
1063 1323 1242 1409 digniorem
1269 1322 1382 1409 rideri,

203 1429 254 1495 cui
277 1428 356 1494 fides
378 1429 549 1516 habeatur,
571 1429 665 1502 libris
689 1431 842 1515 optimis?
889 1430 951 1496 Sed
977 1431 1071 1496 redeo
1099 1432 1140 1496 ad
1168 1453 1297 1497 versum
1324 1431 1381 1515 qui

205 1536 352 1621 sequitur
372 1536 444 1601 199.
480 1535 547 1602 Ubi
565 1537 704 1602 traditur
726 1537 762 1601 in
779 1538 929 1603 omuibus
952 1537 1116 1604 codicibus
1136 1545 1218 1622 ἴτην.
1256 1536 1380 1602 Iterum

203 1643 499 1709 recentissimorum
519 1650 591 1709 ἴτον
613 1644 750 1708 missum
767 1645 871 1709 facere
890 1645 984 1710 credo
1005 1667 1075 1710 esse
1093 1644 1172 1728 eius,
1196 1645 1253 1729 qui
1275 1666 1380 1710 recen-

204 1750 295 1816 sendi
308 1772 439 1815 munere
452 1751 621 1836 fungatur3
638 1750 757 1816 iniuria
770 1773 847 1837 ergo
862 1751 1004 1817 defendit
1015 1758 1087 1817 icoo
1103 1750 1264 1816 Raachius
1273 1750 1379 1815 Wien.

204 1855 338 1922 Studien
352 1855 392 1943 V,
408 1858 482 1944 188,
499 1857 631 1922 Dialeht
645 1881 675 1942 p.
689 1858 765 1942 438,
779 1857 844 1922 453
859 1864 892 1923 et
910 1864 1099 1944 receperunt
1117 1859 1257 1923 editores
1275 1857 1381 1923 multi.

203 1961 288 2036 Nam
315 1963 480 2050 vulgatam
507 1964 679 2030 lectionem
706 1965 899 2031 confirmant
926 1965 1100 2031 scholiasta
1123 1965 1313 2031 Homericus
1342 1965 1382 2030 ad

202 2068 302 2154 4365,
334 2093 513 2155 anonymus
537 2071 572 2136 in
594 2070 671 2136 Aldi
695 2069 786 2137 Horl.
809 2071 914 2137 Adon.
937 2095 968 2157 p.
989 2073 1068 2159 181,
1100 2072 1216 2138 solutis
1238 2073 1381 2138 numeris

203 2177 259 2261 qui
282 2199 410 2242 versum
429 2177 550 2263 attulit,
573 2179 687 2244 dubito
707 2202 749 2244 an
771 2180 868 2244 etiam
888 2201 1068 2265 anonymus
1091 2179 1176 2264 apud
1195 2176 1381 2246 Cramerum

202 2282 320 2349 Anecd.
339 2283 441 2351 Oxou
459 2283 508 2350 IV
525 2308 556 2370 p.
576 2286 651 2372 273,
669 2287 725 2351 22:
750 2283 821 2371 ἶτῆν
843 2288 932 2373 παρὰ
951 2284 1096 2376 Ἡσιόδῳ
1120 2289 1302 2353 carduceas!
1324 2286 1380 2353 καὶ
1492 2316 1496 2321 ’

202 2393 239 2456 τὸ
263 2389 397 2478 ἕτέρῃφι
421 2396 453 2457 et
476 2391 652 2457 scholiasta
671 2390 869 2477 Sophocleus
892 2390 927 2480 (l
947 2392 983 2479 1)
1007 2393 1190 2478 corruptela
1214 2416 1272 2459 sua
1296 2400 1380 2460 ἴσον.

203 2496 269 2563 Our
288 2502 394 2562 autem
417 2498 451 2562 in
469 2499 679 2584 inscriptione
697 2521 761 2563 una
779 2499 899 2585 legitur
920 2500 1016 2565 icor?
1052 2498 1196 2565 Eandem
1216 2500 1257 2565 ob
1276 2500 1380 2585 ipsam

203 2627 286 2692 rem,
308 2627 402 2689 quam
428 2609 561 2690 propter
584 2606 667 2671 hanc
689 2605 825 2671 formam
851 2606 1066 2672 recentiorum
1089 2606 1233 2671 codicum
1255 2606 1381 2673 librarii

203 2712 411 2798 scripserunt,
427 2710 595 2777 Bentleius
614 2712 800 2799 postulavit,
816 2712 912 2778 multi
930 2717 1120 2797 receperunt
1139 2713 1286 2799 editores,
1305 2714 1381 2798 quia

204 2822 425 2903 exspectamus
443 2823 572 2903 tempus
590 2819 737 2885 futurum
756 2843 773 2884 e
792 2820 1024 2886 sententiarum
1043 2842 1174 2886 conexu.
1204 2819 1251 2889 At
1269 2822 1381 2886 subest

202 2925 304 2990 futuri
323 2926 372 2990 vis
390 2925 454 3010 ipsi
471 2926 594 2991 formae
612 2926 750 2991 traditae
774 2930 861 3011 ἶτηνέ
899 2926 1001 3005 Quem
1019 2950 1114 2993 usum
1132 2932 1170 2992 ut
1191 2950 1258 2995 non
1276 2928 1380 2992 dicam

202 3034 236 3098 iu
259 3031 331 3098 aliis
354 3031 486 3119 linguis,
510 3033 638 3099 slavicis
658 3033 789 3120 scilicet,
812 3035 1040 3099 creberrimum
1059 3055 1137 3118 esse,
1161 3058 1200 3099 ex
1218 3056 1282 3119 quo
1301 3040 1380 3103 tem-

201 3163 262 3225 pus
284 3141 495 3224 praeteritum
518 3139 620 3205 futuri
643 3162 774 3206 munere
795 3141 952 3227 fungitur,
975 3141 1073 3206 affero
1097 3143 1244 3227 exempla
1266 3163 1381 3228 graeca

202 3246 317 3333 A299,
335 3246 453 3334 Δ160,
475 3245 590 3332 11154,
612 3247 724 3332 Eurip.
743 3246 825 3312 Med.
847 3247 895 3313 78.
938 3247 1054 3333 ltaque
1071 3270 1138 3314 non
1161 3253 1219 3335 est,
1242 3272 1300 3316 cur
1321 3250 1379 3315 illo

204 3359 277 3436 ispe
295 3374 553 3418 commoveamur
566 3353 607 3418 ad
625 3353 802 3438 perieulum
812 3354 1018 3421 'coniectandi
1031 3356 1211 3421 faciendum
1227 3355 1290 3422 hoc
1308 3357 1379 3422 loco

203 3480 480 3543 supervacaneum.

291 3563 429 3630 Versum
453 3565 519 3629 200
540 3565 684 3631 laudavit
702 3566 875 3633 scholiasta
893 3568 1084 3634 Homericus
1109 3569 1143 3657 (l.
1163 3568 1208 3657 1.),
1231 3574 1379 3654 exparte

203 3671 377 3737 scholiasta
395 3670 565 3756 Sophoclis
580 3672 615 3759 (l.
633 3670 669 3759 1)
684 3672 879 3739 Eustathius
897 3675 937 3739 ad
950 3674 1041 3740 iliad.
1055 3698 1085 3759 p.
1102 3677 1176 3762 723,
1191 3676 1232 3740 13
1247 3680 1379 3761 propter

202 3773 395 3863 apottaooc'
421 3800 532 3844 versus
554 3780 787 3868 praecedentis,
813 3804 844 3864 p.
868 3782 943 3867 866,
961 3782 1018 3867 60,
1037 3783 1111 3867 966,
1132 3783 1187 3866 12,
1208 3783 1303 3868 1373,
1322 3784 1378 3867 64,

204 3884 300 3970 1434,
318 3885 375 3970 33,
393 3907 421 3949 v.
440 3885 503 3950 201
525 3885 603 3951 item
622 3891 769 3971 exparte
789 3887 964 3953 scholiasta
985 3887 1175 3953 Homericus
1193 3888 1214 3953 1.
1233 3888 1267 3973 l.;
1286 3888 1377 3952 cuius

202 3992 396 4076 ἀνθρώποις
417 3991 624 4077 trisyllabum
645 4016 711 4057 non
734 4015 851 4059 moror.

774 4224 803 4290 5.

290 4346 440 4412 Fabellae
454 4345 501 4435 (A
507 4345 610 4436 trev)
615 4398 624 4433 ,
643 4338 724 4433 quae
740 4351 924 4416 continetur
942 4350 1088 4415 versibus
1103 4351 1291 4438 202-212,
1308 4374 1377 4417 ver-

204 4473 276 4521 sum
298 4454 438 4538 primum
455 4455 551 4521 multi
569 4456 788 4522 laudaverunt.
834 4456 978 4534 Quorum
996 4480 1013 4522 e
1031 4480 1164 4524 numero
1189 4459 1378 4547 seiungendi
