3342 5168
296 345 339 411 26
523 346 565 401 De
583 344 694 400 Veteris
711 344 875 416 interpretis
893 345 1004 401 ratione
1021 345 1234 416 interpretandi

296 533 324 575 v.
351 509 415 574 182
442 505 487 596 (p.
513 506 601 596 146).
645 506 713 573 Isu
742 509 851 575 omnic
882 508 992 574 tribuo
1018 507 1132 574 Veteri
1163 507 1396 595 Grammatico,
1427 508 1466 572 de

296 638 361 701 quc
388 637 474 681 nune
504 638 576 681 sum
598 614 755 701 dicturus,
783 616 937 700 quonium
960 617 1120 700 quomodo
1143 615 1265 680 fuctum
1287 614 1345 701 sit,
1366 620 1404 680 ut
1426 615 1467 679 sd

295 721 445 788 Proclum
477 722 728 787 transferrentur
749 723 868 806 multa,
896 745 977 808 quae
1003 723 1059 788 ille
1087 722 1318 805 adnotavisset‚
1345 722 1466 806 optime

295 829 360 894 ism
382 828 536 895 indicavit
552 828 716 894 Usenerus
739 828 774 916 (l.
792 829 813 894 l.
832 853 862 914 p.
881 827 962 916 595)
981 829 1107 914 eritque
1124 828 1206 894 mihi
1223 850 1352 913 quoque
1368 828 1464 912 poulo

293 939 370 1019 post
392 935 588 1002 redeundum
611 935 755 1000 adhunc
778 936 1007 1020 quaestionem.

377 1041 506 1108 Veteris
519 1042 608 1106 illius
622 1042 818 1127 interpretis,
831 1043 887 1126 qui
900 1043 936 1107 in
948 1043 1045 1108 rebus
1059 1043 1279 1128 grammaticis
1292 1042 1465 1109 maximum

294 1152 419 1231 purtem
441 1152 588 1214 versutus
611 1152 671 1235 est,
692 1169 812 1213 nomen
832 1170 898 1213 non
920 1152 970 1213 est
987 1149 1151 1214 traditum.
1187 1146 1345 1214 Nostrum
1363 1150 1465 1237 igitur

295 1255 356 1320 erit
388 1256 429 1321 ab
462 1255 623 1320 oblivione
654 1254 797 1319 hominis
828 1255 1017 1320 memoriam
1048 1254 1217 1320 vindicare.
1265 1254 1335 1331 Qus
1365 1256 1400 1320 in
1430 1278 1465 1321 re

294 1361 478 1426 cautissime
505 1364 555 1426 est
582 1360 866 1448 progrediendum,
893 1383 965 1426 cum
991 1382 1032 1426 ne
1060 1382 1096 1425 eu
1124 1361 1268 1447 quidem,
1294 1383 1376 1446 quae
1404 1362 1465 1427 sub

294 1469 403 1545 άλλως
429 1471 571 1552 exstant,
599 1468 725 1553 integre
753 1489 878 1552 semper
904 1467 953 1532 illi
979 1468 1074 1532 liceat
1101 1467 1286 1532 attribuere.
1330 1466 1464 1533 Initium

294 1575 395 1660 igitur
422 1574 496 1639 inde
523 1574 691 1658 faciamus,
719 1577 756 1639 ut
783 1596 865 1658 quse
892 1577 925 1638 et
952 1574 1058 1659 qualis
1085 1574 1184 1639 fuerit
1211 1575 1279 1639 eius
1306 1574 1342 1638 in
1368 1574 1466 1639 inter·

293 1679 451 1764 pretsndo
474 1680 567 1766 ratio,
590 1680 687 1764 paulo
712 1681 891 1745 accuratius
915 1680 1112 1745 definiamus.

382 1785 421 1851 In
448 1787 527 1871 ipsis
555 1787 793 1873 prolegomenis
820 1787 875 1852 ille
903 1787 999 1852 alium
1027 1787 1113 1852 viam
1141 1790 1238 1871 atque
1259 1786 1394 1853 Procius
1419 1788 1465 1852 in-

294 1913 423 1979 gressus
451 1897 500 1958 est
527 1892 572 1982 (p.
595 1891 646 1981 4):
679 1894 759 1978 μετὰ
791 1894 853 1977 τὴν
884 1894 1032 1979 ἡρωϊκὴν
1063 1897 1278 1977 γενεαλογίαν
1305 1893 1360 1960 καὶ
1387 1899 1465 1973 τοὺς

294 2003 499 2084 καταλόγους
536 1999 708 2086 ἐπεζήτησε
739 2009 979 2086 καινουγρῆσαι
1011 1999 1112 2065 πάλιν
1144 1998 1260 2085 ἑτέραν
1291 2001 1464 2066 ὑπόθεσιν.

293 2104 347 2172 καὶ
377 2106 418 2189 δὴ
445 2105 744 2193 καταχρησδέντων
772 2118 840 2173 τῶν
870 2110 918 2184 είς
939 2105 1104 2192 πολέμους
1126 2104 1181 2171 καὶ
1204 2107 1309 2192 μάχας
1330 2106 1385 2172 καὶ
1408 2117 1465 2192 τῆς

294 2216 456 2299 γεωργίας
487 2213 697 2279 διδασκάλων
729 2212 876 2299 εἰσφέρει
908 2211 963 2278 καὶ
995 2223 1062 2279 τίαν
1089 2213 1222 2299 ἡμερῶν
1249 2214 1310 2297 τὴν
1336 2224 1465 2300 κρᾶσιν,

294 2323 504 2405 πρόσωπον
527 2320 753 2398 ἀναπλάσας
775 2317 830 2385 καὶ
852 2321 1054 2406 παραλαβὼν
1072 2330 1133 2385 τοῦ
1151 2320 1300 2404 άδελφοῦ
1319 2319 1465 2407 Πέρσου,

295 2432 373 2492 είτε
401 2424 479 2492 κατ’
508 2426 716 2512 ἀλήθειαν,
744 2433 822 2493 είτε
847 2428 1006 2492 κατὰτὸ
1030 2426 1289 2511 εὐπρόσωπον
1311 2426 1375 2492 καὶ
1399 2428 1465 2514 ἁρ-

294 2536 416 2616 μόζον
443 2542 486 2619 τῇ
515 2532 719 2617 ὑποθέσει,
753 2535 809 2599 ἵνα
836 2534 898 2599 δύο
928 2531 1184 2619 πρόσωπα,’καὶ
1215 2534 1279 2598 ἵνα
1309 2533 1402 2620 δόξῃ
1432 2533 1463 2612 ἐξ

295 2641 405 2723 ἔριδος
435 2648 493 2722 τῆς
523 2641 605 2704 κατά
633 2642 692 2706 τὸν
719 2640 867 2724 ἀδελφὸν
895 2643 942 2719 εἰς
969 2650 1067 2706 τοῦτο
1096 2638 1304 2724 ἐληλυθέναι.
1350 2638 1405 2718 Ὡς
1428 2637 1465 2705 δὲ

295 2746 432 2829 ποιητὴς
454 2748 512 2824 τὰς
535 2748 676 2824 Μούσας
698 2752 805 2831 καλεῖ,
828 2748 885 2812 ἵνα
908 2746 988 2832 δόξῃ
1019 2796 1463 2811 ...............

294 2850 384 2939 Ergo
390 2904 399 2938 ,
426 2876 490 2937 que
518 2852 556 2917 de
583 2876 618 2919 re
645 2875 685 2917 ne
713 2875 806 2937 posse
834 2852 963 2936 quidem
990 2853 1131 2918 dubitari
1159 2875 1313 2938 umquam
1338 2852 1465 2917 videtur

294 2957 407 3024 Proclo
436 2959 471 3023 in
498 2963 639 3025 mentem
666 2959 806 3045 venisse,
836 2958 874 3023 de
901 2982 938 3024 ec
960 2958 1064 3024 Vetus
1092 2960 1147 3024 ille
1174 2959 1221 3024 ita
1243 2960 1400 3045 disputat,
1427 2962 1464 3023 ut

294 3064 425 3129 finxisse
445 3064 624 3130 Hesiodum
647 3065 758 3129 fratris
780 3087 951 3149 personam
973 3088 1041 3131 non
1063 3067 1104 3130 ub
1128 3067 1216 3131 omni
1239 3066 1334 3131 initio
1353 3066 1464 3130 reiciet

296 3170 497 3236 sententiam.
524 3170 601 3236 Non
618 3171 721 3255 probo
741 3172 888 3256 equidem
905 3173 988 3238 hunc
1006 3173 1212 3238 sententium:
1233 3172 1328 3237 laudo
1348 3176 1465 3258 temen,

296 3276 382 3361 quod
417 3277 569 3360 opinione
600 3299 666 3343 non
696 3279 914 3362 praeiudicata
946 3280 986 3344 ud
1016 3302 1084 3344 rem
1117 3280 1172 3343 ille
1203 3282 1253 3343 est
1285 3299 1463 3365 aggressus.

296 3382 373 3449 Mox
396 3385 504 3469 pergit
527 3385 755 3469 grammaticus
779 3383 822 3472 (p.
842 3383 932 3471 39*):
965 3385 1171 3471 σφέτερον·
1194 3386 1465 3470 καταπεφρόνηκε

295 3502 362 3555 τῶν
398 3490 631 3575 άντωννμιῶν,
667 3490 697 3576 β
730 3493 793 3577 γάρ
829 3495 1008 3576 πρόσωπόν
1045 3492 1142 3557 ἐστιν.
1189 3491 1256 3556 ἔδει
1293 3488 1322 3555 δ’
1359 3493 1464 3555 εἰπεῖν

294 3595 469 3681 ὑμέτερον,
501 3592 573 3664 ἀλλ’
608 3596 682 3663 ἀντὶ
715 3597 872 3683 δευτέρον
904 3603 1002 3687 τρίτφ
1036 3598 1204 3683 ἐχρήσατο.
1254 3596 1300 3661 Et
1332 3596 1463 3661 omnino

294 3704 398 3768 multu
425 3708 501 3768 sunt
528 3703 562 3769 id
588 3726 690 3792 genus
716 3705 933 3791 grammatice.
980 3703 1134 3769 Conferss
1162 3704 1202 3768 ad
1228 3727 1257 3767 τ.
1283 3703 1325 3766 10
1348 3699 1392 3789 (Ρ.
1411 3702 1465 3786 42,

293 3813 360 3874 not.
384 3808 445 3898 m):
472 3813 529 3894 σό,
557 3807 582 3877 ὦ
609 3815 689 3895 Ζεῦ,
717 3811 735 3878 δ
764 3812 847 3877 ίδὼν
874 3814 947 3876 τότε
970 3813 1028 3888 τὰς
1050 3812 1210 3895 τιμωρίας
1231 3817 1291 3874 τοῦ
1315 3808 1463 3892 ἀδελφοῦ

294 3940 360 4001 μου
384 3916 520 4003 Πέρσου
542 3915 598 3982 καὶ
621 3920 678 3996 τὰς
701 3918 840 4001 ἀδικίας,
863 3917 984 4003 ἀρτίως
1006 3917 1138 3983 ἀκούων
1161 3915 1242 4000 ἐμοῦ
1266 3914 1463 3980 ἐπάκουσον·

294 4022 348 4088 καὶ
372 4036 441 4100 πῶς
463 4026 500 4090 τὸ
526 4026 608 4089 ἰδὼν
631 4022 699 4091 ἐστὶ
724 4023 882 4110 δευτέρον
906 4023 1063 4106 ἀορίστου
1085 4032 1260 4108 μετοχικοῦ
1282 4019 1338 4086 καὶ
1365 4041 1464 4101 παρε-

295 4132 481 4213 ληλυθότος
502 4141 632 4215 καιροῦ,
654 4132 691 4196 τὸ
716 4127 753 4196 δὲ
775 4131 907 4197 ἀκούων
931 4128 1021 4196 ἐστὶν
1041 4129 1231 4207 ἐνεστῶτος;
1254 4129 1291 4193 τὸ
1310 4133 1406 4192 θεῖον
1424 4127 1464 4191 τὰ

296 4233 457 4301 ἐνεστῶτα
479 4234 534 4301 καὶ
557 4238 597 4301 τὰ
620 4239 781 4320 μέλλοντα
805 4235 879 4301 ἀντὶ
901 4239 1184 4321 παρεληλυθότων
1207 4231 1346 4320 ἔχεικαὶ
1365 4233 1409 4310 ὡς
1428 4231 1465 4298 ἐν

294 4349 333 4427 τῇ
354 4339 482 4407 Ἰλιάδι·
510 4342 555 4420 ὡς
578 4343 641 4425 ἤδη
664 4343 704 4407 τά
726 4340 755 4407 τ’
782 4343 941 4426 ἐσσόμενα
963 4348 1031 4408 κτλ.
1071 4340 1133 4407 Vel
1156 4340 1196 4406 ad
1218 4365 1246 4407 v.
1266 4339 1309 4408 58
1329 4338 1373 4427 (Ρ.
1394 4337 1464 4427 82):

295 4445 361 4513 ἑὸν
380 4452 522 4514 κακόν·
561 4447 707 4515 ἐνταῦθα
734 4450 771 4514 τὸ
800 4447 856 4515 ἑὸν
884 4449 944 4534 οὐχ
972 4449 1075 4532 ὑγιῶς
1101 4460 1218 4514 κεῖται·
1257 4449 1378 4531 ι’όφειλε
1401 4447 1464 4532 γδιρ
