3342 5168
310 324 351 388 16
745 323 787 377 De
804 320 897 377 Procli
915 322 1036 377 scholiis.

315 481 349 570 1)
372 484 540 549 Procliana
563 483 641 547 alibi
660 481 699 570 (e.
724 505 753 569 g.
773 484 808 547 in
826 482 1012 548 Monacensi
1030 485 1096 548 cod.
1117 481 1173 569 91)
1192 483 1337 566 pleniora
1354 486 1479 546 exstare

310 586 347 677 2)
366 590 470 679 multa
492 589 592 653 latere
616 589 700 672 apud
714 588 862 653 Taetzam
885 587 921 676 3)
939 588 991 653 vel
1009 610 1048 652 01
1066 587 1304 671 Moschopuleis
1323 588 1479 671 quaedam

310 717 406 780 posse
428 696 608 779 recuperari
631 695 758 759 aliunde
781 695 902 780 ignota.
947 694 1040 758 Hanc
1062 693 1320 759 dissertationem
1342 692 1479 759 Useneri

310 801 338 866 si
360 801 465 885 placet
488 801 667 866 accuratius
688 821 775 865 nunc
797 801 1022 864 examinemus,

397 907 528 972 Erravit
549 907 634 972 enim
653 908 703 971 vir
722 906 935 992 doctissimus,
958 906 1014 990 qui
1033 928 1072 971 01
1091 906 1213 971 scholio
1233 907 1350 971 codicis
1368 906 1478 971 Mona-

309 1014 413 1078 censis
441 1013 592 1078 011197
621 1012 641 1076 1.
665 1035 690 1076 e.
719 1012 840 1077 scholio
864 1011 1068 1096 Moschopuli
1095 1013 1271 1076 redundare
1294 1012 1417 1097 aliquid
1438 1012 1479 1076 ad

307 1120 506 1185 restituenda
525 1118 646 1183 scholia
659 1122 768 1183 vetera
782 1119 930 1184 crederet.
962 1118 1048 1184 Nam
1061 1140 1163 1203 usque
1177 1119 1217 1183 ad
1229 1119 1328 1184 verba
1343 1120 1478 1184 δοκοῦσι

309 1223 346 1291 dt
372 1226 427 1291 11011
455 1225 601 1311 ἑκάτεροι
629 1224 858 1309 Moschopulus
883 1225 967 1289 nihil
993 1224 1106 1311 habet,
1133 1225 1218 1308 quod
1245 1247 1312 1290 11011
1340 1226 1477 1312 legimus

308 1333 343 1397 in
365 1332 495 1397 scholiis
519 1332 673 1415 antiquis:
696 1336 770 1415 post
788 1331 867 1396 haec
883 1331 981 1395 verba
1000 1353 1090 1396 suam
1108 1332 1176 1415 ipse
1195 1332 1387 1396 sententiam
1406 1353 1478 1415 pro·
1576 1346 1586 1363 ¹

308 1439 401 1524 tulit,
424 1461 487 1522 qua
511 1437 662 1502 discimus
685 1437 778 1501 illum
796 1430 923 1522 quoque
941 1459 1069 1502 versum
1088 1437 1130 1502 99
1150 1438 1215 1501 iam
1230 1438 1356 1523 legisse,
1375 1458 1479 1523 gram

309 1545 427 1608 matico
446 1545 547 1609 101011
565 1565 697 1627 prorsus
716 1544 873 1628 ignotum.
910 1543 950 1608 In
968 1565 1004 1608 eo
1025 1565 1152 1628 quoque
1171 1544 1290 1609 0110111
1308 1543 1478 1630 Usenerus,

309 1650 395 1734 quod
421 1650 520 1715 allato
548 1673 565 1715 e
591 1650 676 1714 libro
699 1650 885 1715 Monacensi
913 1649 1035 1715 scholio
1057 1650 1223 1715 Plutarchi
1249 1650 1378 1714 nomine
1406 1671 1478 1714 eon-

309 1757 419 1840 spiouo
443 1753 498 1842 (ad
520 1779 548 1819 1.
568 1754 625 1841 25)
653 1756 841 1842 affimavit,
868 1755 1021 1840 quoniam
1045 1756 1110 1820 ista
1132 1756 1168 1820 in
1189 1756 1322 1841 reliquis
1346 1756 1477 1820 scholiis

307 1863 485 1927 Proclianis
520 1883 586 1926 non
618 1862 851 1947 invenirentur,
886 1862 980 1945 plura
1013 1883 1030 1925 0
1063 1861 1259 1927 scholiorum
1292 1861 1478 1927 collectione

309 1969 448 2053 quadam
470 1968 641 2032 veterrima
663 1973 852 2033 conservata
874 1990 943 2033 esse
965 1968 999 2032 in
1023 1967 1217 2033 Monacensi.
1263 1968 1396 2033 Minime
1418 1969 1478 2032 ita:

309 2080 385 2140 sunt
413 2075 498 2139 enim
519 2073 685 2138 Plutarchi
714 2074 843 2158 quidem
869 2075 926 2139 illa
952 2073 1064 2160 verba,
1091 2074 1146 2138 sed
1172 2078 1301 2158 sumpta
1323 2096 1362 2139 01
1384 2073 1478 2159 libro,

310 2182 366 2264 qui
403 2184 453 2245 est
485 2180 523 2244 de
555 2180 793 2265 tranquillitate
825 2181 923 2244 animi
954 2202 984 2263 p.
1010 2180 1112 2245 4130.
1162 2180 1234 2245 Ηο0
1265 2184 1374 2245 tamen
1404 2179 1477 2243 inde

308 2286 425 2352 lucrati
448 2309 572 2351 sumus:
596 2290 760 2351 auctorem
783 2286 979 2351 scholiorum
996 2286 1238 2352 Monacensium
1255 2287 1355 2351 fuisse
1372 2287 1477 2351 virum

309 2393 452 2477 doctum,
485 2393 541 2478 qui
571 2397 680 2458 101010
710 2392 832 2458 scholia
858 2415 924 2457 non
951 2393 1056 2457 solum
1083 2393 1336 2479 transcribenda,
1367 2414 1478 2458 verum

224 2501 227 2507 '
309 2500 407 2564 etiam
436 2499 593 2585 augenda,
620 2501 759 2564 fortasse
786 2499 973 2585 corrigenda
1000 2521 1128 2584 quoque
1156 2500 1219 2564 sibi
1246 2500 1478 2583 proposuisset.

309 2605 411 2682 Quam
440 2607 481 2670 ob
509 2628 577 2671 rem
605 2607 633 2670 si
661 2627 742 2690 quae
769 2606 854 2689 apud
881 2628 954 2670 eum
980 2606 1191 2690 locupletiora
1218 2606 1349 2671 inventa
1375 2608 1478 2689 erunt,

310 2733 346 2777 ea
365 2712 548 2777 cautissime
567 2717 662 2776 erunt
680 2711 868 2797 adhibenda,
885 2712 1076 2796 praesertim
1094 2734 1166 2776 cum
1184 2715 1309 2776 constet
1327 2733 1368 2776 ne
1385 2711 1477 2775 illum

310 2818 438 2902 quidem
461 2816 657 2882 abstinuisse
679 2840 698 2881 a
721 2817 853 2882 scholiis
875 2817 1022 2901 pluribus
1045 2819 1081 2882 in
1097 2840 1198 2882 unum
1215 2817 1477 2883 contaminandis.

193 2946 194 2949 ’
309 2922 464 2989 00110100
487 2924 645 2988 scholium
668 2924 815 2989 011141
837 2920 1029 3011 (1013151),
1052 2946 1116 3007 quo
1138 2924 1210 2989 loco
1232 2924 1353 2989 scholia
1371 2923 1477 2989 Procli

309 3033 342 3093 et
373 3031 491 3094 veteris
522 3030 713 3094 scholiastae
745 3029 905 3093 conflavit.
950 3027 1180 3094 Correotrioem
1211 3053 1342 3094 manum
1371 3030 1478 3114 depre

308 3134 422 3198 hendis
451 3136 486 3198 in
513 3135 635 3200 scholio
665 3135 703 3198 ad
726 3158 754 3199 1.
774 3134 854 3221 524,
881 3135 968 3220 quod
994 3136 1092 3221 vulgo
1117 3136 1235 3201 dicitur
1256 3135 1370 3200 Procli.
1416 3135 1478 3199 Hic

310 3241 395 3305 enim
423 3262 511 3304 error
538 3241 650 3305 subest
677 3241 711 3304 in
733 3238 921 3305 Aristotelis
946 3241 1115 3328 citatione,
1142 3242 1233 3306 cuius
1256 3265 1295 3306 01
1319 3241 1478 3306 sententia

309 3346 487 3430 polypodes
519 3351 647 3411 constat
678 3368 745 3411 non
776 3369 795 3411 a
825 3348 1020 3434 παγούροις,
1052 3347 1108 3412 sed
1137 3349 1202 3413 ὑπὸ
1231 3359 1298 3413 τῶν
1325 3351 1478 3434 γόγγρων

310 3452 399 3540 (hist.
433 3454 526 3517 anim.
554 3456 573 3519 8
579 3505 588 3538 ,
609 3451 644 3540 2)
682 3475 792 3517 exesos
831 3475 907 3517 esse.
956 3452 1124 3536 Perspexit
1156 3475 1296 3519 errorem
1326 3453 1478 3518 librarius

309 3559 511 3624 Monacensis
538 3563 571 3624 et
599 3561 719 3644 optime
746 3560 897 3642 correxit,
924 3581 983 3623 nec
1005 3563 1115 3623 tamen
1137 3581 1175 3623 01
1198 3557 1375 3624 Aristotele
1398 3560 1479 3645 ipsc,

314 3665 369 3730 sed
392 3688 430 3729 ex
452 3664 620 3732 Athenaeo
645 3665 690 3754 (7,
709 3664 828 3753 3161).

400 3770 547 3837 Ceterum
575 3773 610 3836 in
637 3773 822 3837 universum
848 3771 886 3835 de
909 3771 1040 3836 scholiis
1063 3771 1231 3836 Hesiodeis
1255 3772 1376 3857 optime
1399 3772 1479 3837 iudi·

310 3879 394 3943 eavit
416 3878 579 3944 Usenerus
606 3880 766 3964 longeque
794 3877 972 3963 superavit,
999 3899 1080 3960 quae
1107 3877 1257 3942 incohata
1279 3879 1479 3963 reliquerunt

310 3988 341 4049 et
368 3986 498 4049 turbata
526 3985 604 4050 adeo
631 3986 667 4050 in
694 3985 884 4069 quibusdam
906 3982 1051 4047 Ranlrius
1080 3987 1112 4048 et
1136 3982 1353 4049 Vollbehrius.
1399 3985 1478 4049 Post

309 4090 489 4156 Usenerum
529 4095 662 4157 conatus
699 4095 747 4154 est
783 4087 1035 4177 Waeschkius1)
1072 4093 1105 4153 et
1142 4090 1234 4155 brevi
1269 4095 1344 4175 post
1381 4091 1477 4154 etiam

400 4340 426 4407 1)
445 4335 699 4391 Commentationes
726 4334 888 4406 philologae
916 4335 947 4389 in
972 4336 1107 4391 honorem
1131 4335 1279 4392 (10111111,
1313 4335 1478 4406 1111101814

309 4443 336 4494 p.
357 4430 408 4479 150
418 4443 477 4494 sqq.
