<?xml version="1.0" encoding="UTF-8"?>
<!DOCTYPE html PUBLIC "-//W3C//DTD XHTML 1.0 Transitional//EN"
    "http://www.w3.org/TR/xhtml1/DTD/xhtml1-transitional.dtd">
<html xmlns="http://www.w3.org/1999/xhtml" xml:lang="en" lang="en">
 <head>
  <title>
</title>
<meta http-equiv="Content-Type" content="text/html;charset=utf-8" />
  <meta name='ocr-system' content='tesseract 3.04.00' />
  <meta name='ocr-capabilities' content='ocr_page ocr_carea ocr_par ocr_line ocrx_word'/>
</head>
<body>
  <div class='ocr_page' id='page_1' title='image "./studiahesiodeas01dimigoog_0251.png"; bbox 0 0 3390 5178; ppageno 0'>
   <div class='ocr_carea' id='block_1_1' title="bbox 291 385 1113 457">
    <p class='ocr_par' dir='ltr' id='par_1_1' title="bbox 291 385 1113 457">
     <span class='ocr_line' id='line_1_1' title="bbox 291 385 1113 457; baseline -0.011 -9"><span class='ocrx_word' id='word_1_1' title='bbox 291 390 356 454; x_wconf 80' lang='grc'>232</span> <span class='ocrx_word' id='word_1_2' title='bbox 636 389 678 441; x_wconf 89' lang='lat' dir='ltr'>De</span> <span class='ocrx_word' id='word_1_3' title='bbox 697 386 819 457; x_wconf 89' lang='lat' dir='ltr'>Operum</span> <span class='ocrx_word' id='word_1_4' title='bbox 837 386 928 441; x_wconf 85' lang='lat' dir='ltr'>altera</span> <span class='ocrx_word' id='word_1_5' title='bbox 945 385 1113 440; x_wconf 80' lang='lat' dir='ltr'>recensione.</span> 
     </span>
    </p>
   </div>
   <div class='ocr_carea' id='block_1_2' title="bbox 291 546 1467 2563">
    <p class='ocr_par' dir='ltr' id='par_1_2' title="bbox 291 546 1466 1387">
     <span class='ocr_line' id='line_1_2' title="bbox 291 546 1466 639; baseline -0.007 -21"><span class='ocrx_word' id='word_1_6' title='bbox 291 555 405 639; x_wconf 81' lang='lat' dir='ltr'>ignota</span> <span class='ocrx_word' id='word_1_7' title='bbox 433 557 483 618; x_wconf 91' lang='lat' dir='ltr'>est</span> <span class='ocrx_word' id='word_1_8' title='bbox 506 552 562 616; x_wconf 87' lang='lat' dir='ltr'>illa</span> <span class='ocrx_word' id='word_1_9' title='bbox 585 552 739 616; x_wconf 83' lang='lat' dir='ltr'>athetasis</span> <span class='ocrx_word' id='word_1_10' title='bbox 762 548 966 635; x_wconf 75' lang='lat' dir='ltr'>Aristarcho,</span> <span class='ocrx_word' id='word_1_11' title='bbox 993 548 1119 613; x_wconf 90' lang='lat' dir='ltr'>nullum</span> <span class='ocrx_word' id='word_1_12' title='bbox 1143 548 1229 612; x_wconf 90' lang='lat' dir='ltr'>enim</span> <span class='ocrx_word' id='word_1_13' title='bbox 1252 550 1359 612; x_wconf 86' lang='lat' dir='ltr'>exstat</span> <span class='ocrx_word' id='word_1_14' title='bbox 1381 546 1466 632; x_wconf 86' lang='lat' dir='ltr'>frag-</span> 
     </span>
     <span class='ocr_line' id='line_1_3' title="bbox 291 653 1466 743; baseline -0.005 -19"><span class='ocrx_word' id='word_1_15' title='bbox 291 664 436 725; x_wconf 91' lang='lat' dir='ltr'>mentum</span> <span class='ocrx_word' id='word_1_16' title='bbox 463 659 655 743; x_wconf 86' lang='lat' dir='ltr'>Aristonici,</span> <span class='ocrx_word' id='word_1_17' title='bbox 685 658 812 722; x_wconf 88' lang='lat' dir='ltr'>nullum</span> <span class='ocrx_word' id='word_1_18' title='bbox 840 661 910 722; x_wconf 89' lang='lat' dir='ltr'>erat</span> <span class='ocrx_word' id='word_1_19' title='bbox 938 678 1014 741; x_wconf 82' lang='lat' dir='ltr'>ergo</span> <span class='ocrx_word' id='word_1_20' title='bbox 1043 656 1172 741; x_wconf 86' lang='lat' dir='ltr'>signum</span> <span class='ocrx_word' id='word_1_21' title='bbox 1200 655 1240 719; x_wconf 88' lang='lat' dir='ltr'>ad</span> <span class='ocrx_word' id='word_1_22' title='bbox 1266 653 1327 719; x_wconf 89' lang='lat' dir='ltr'>hos</span> <span class='ocrx_word' id='word_1_23' title='bbox 1353 677 1466 719; x_wconf 87' lang='lat' dir='ltr'>versus</span> 
     </span>
     <span class='ocr_line' id='line_1_4' title="bbox 291 757 1464 851; baseline -0.005 -20"><span class='ocrx_word' id='word_1_24' title='bbox 291 766 473 831; x_wconf 89' lang='lat' dir='ltr'>Aristarchi</span> <span class='ocrx_word' id='word_1_25' title='bbox 500 767 536 830; x_wconf 90' lang='lat' dir='ltr'>in</span> <span class='ocrx_word' id='word_1_26' title='bbox 561 757 597 831; x_wconf 84' lang='lat' dir='ltr'>re</span> <span class='ocrx_word' id='word_1_27' title='bbox 625 766 828 851; x_wconf 73' lang='lat' dir='ltr'>gravissima,</span> <span class='ocrx_word' id='word_1_28' title='bbox 861 785 964 849; x_wconf 89' lang='lat' dir='ltr'>neque</span> <span class='ocrx_word' id='word_1_29' title='bbox 991 762 1151 847; x_wconf 83' lang='lat' dir='ltr'>Didymus</span> <span class='ocrx_word' id='word_1_30' title='bbox 1178 763 1212 826; x_wconf 91' lang='lat' dir='ltr'>in</span> <span class='ocrx_word' id='word_1_31' title='bbox 1239 762 1313 826; x_wconf 88' lang='lat' dir='ltr'>fuso</span> <span class='ocrx_word' id='word_1_32' title='bbox 1342 761 1464 826; x_wconf 91' lang='lat' dir='ltr'>scholio</span> 
     </span>
     <span class='ocr_line' id='line_1_5' title="bbox 292 869 1466 959; baseline -0.005 -21"><span class='ocrx_word' id='word_1_33' title='bbox 292 895 351 939; x_wconf 92' lang='lat' dir='ltr'>suo</span> <span class='ocrx_word' id='word_1_34' title='bbox 379 874 555 959; x_wconf 89' lang='lat' dir='ltr'>quidquam</span> <span class='ocrx_word' id='word_1_35' title='bbox 583 873 621 936; x_wconf 91' lang='lat' dir='ltr'>de</span> <span class='ocrx_word' id='word_1_36' title='bbox 643 871 826 937; x_wconf 81' lang='lat' dir='ltr'>Aristarchi</span> <span class='ocrx_word' id='word_1_37' title='bbox 855 871 1016 935; x_wconf 88' lang='lat' dir='ltr'>sententia</span> <span class='ocrx_word' id='word_1_38' title='bbox 1044 869 1126 933; x_wconf 85' lang='lat' dir='ltr'>dixit</span> <span class='ocrx_word' id='word_1_39' title='bbox 1151 907 1192 915; x_wconf 93' lang='lat'>—</span> <span class='ocrx_word' id='word_1_40' title='bbox 1216 869 1292 954; x_wconf 89' lang='lat' dir='ltr'>quia</span> <span class='ocrx_word' id='word_1_41' title='bbox 1314 869 1397 933; x_wconf 89' lang='lat' dir='ltr'>nihil</span> <span class='ocrx_word' id='word_1_42' title='bbox 1419 870 1466 933; x_wconf 90' lang='lat' dir='ltr'>in-</span> 
     </span>
     <span class='ocr_line' id='line_1_6' title="bbox 291 975 1466 1066; baseline -0.004 -21"><span class='ocrx_word' id='word_1_43' title='bbox 291 982 389 1045; x_wconf 86' lang='lat' dir='ltr'>venit.</span> <span class='ocrx_word' id='word_1_44' title='bbox 435 979 525 1066; x_wconf 81' lang='lat' dir='ltr'>Ergo</span> <span class='ocrx_word' id='word_1_45' title='bbox 547 983 637 1065; x_wconf 90' lang='lat' dir='ltr'>post</span> <span class='ocrx_word' id='word_1_46' title='bbox 659 978 842 1044; x_wconf 75' lang='lat' dir='ltr'>Aristarchi</span> <span class='ocrx_word' id='word_1_47' title='bbox 865 981 1004 1043; x_wconf 90' lang='lat' dir='ltr'>aetatem</span> <span class='ocrx_word' id='word_1_48' title='bbox 1027 976 1113 1042; x_wconf 86' lang='lat' dir='ltr'>faeta</span> <span class='ocrx_word' id='word_1_49' title='bbox 1135 980 1194 1041; x_wconf 81' lang='lat' dir='ltr'>est.</span> <span class='ocrx_word' id='word_1_50' title='bbox 1239 975 1393 1061; x_wconf 78' lang='lat' dir='ltr'>Quisquis</span> <span class='ocrx_word' id='word_1_51' title='bbox 1416 979 1466 1041; x_wconf 90' lang='lat' dir='ltr'>est</span> 
     </span>
     <span class='ocr_line' id='line_1_7' title="bbox 292 1083 1465 1172; baseline -0.004 -21"><span class='ocrx_word' id='word_1_52' title='bbox 292 1088 361 1152; x_wconf 90' lang='lat' dir='ltr'>eius</span> <span class='ocrx_word' id='word_1_53' title='bbox 392 1090 517 1172; x_wconf 88' lang='lat' dir='ltr'>auctor,</span> <span class='ocrx_word' id='word_1_54' title='bbox 551 1091 636 1152; x_wconf 86' lang='lat' dir='ltr'>certe</span> <span class='ocrx_word' id='word_1_55' title='bbox 666 1087 761 1151; x_wconf 88' lang='lat' dir='ltr'>nobis</span> <span class='ocrx_word' id='word_1_56' title='bbox 791 1086 980 1150; x_wconf 74' lang='lat' dir='ltr'>deteriorem</span> <span class='ocrx_word' id='word_1_57' title='bbox 1010 1084 1228 1148; x_wconf 86' lang='lat' dir='ltr'>recensionem</span> <span class='ocrx_word' id='word_1_58' title='bbox 1255 1083 1385 1167; x_wconf 89' lang='lat' dir='ltr'>reliquit</span> <span class='ocrx_word' id='word_1_59' title='bbox 1414 1083 1465 1147; x_wconf 86' lang='lat' dir='ltr'>de-</span> 
     </span>
     <span class='ocr_line' id='line_1_8' title="bbox 291 1190 1464 1277; baseline -0.003 -19"><span class='ocrx_word' id='word_1_60' title='bbox 291 1195 437 1260; x_wconf 89' lang='lat' dir='ltr'>teriobus</span> <span class='ocrx_word' id='word_1_61' title='bbox 461 1194 583 1259; x_wconf 90' lang='lat' dir='ltr'>scilicet</span> <span class='ocrx_word' id='word_1_62' title='bbox 605 1194 834 1277; x_wconf 85' lang='lat' dir='ltr'>manuscriptis</span> <span class='ocrx_word' id='word_1_63' title='bbox 856 1192 950 1257; x_wconf 90' lang='lat' dir='ltr'>libris</span> <span class='ocrx_word' id='word_1_64' title='bbox 973 1213 1051 1255; x_wconf 88' lang='lat' dir='ltr'>usus</span> <span class='ocrx_word' id='word_1_65' title='bbox 1075 1195 1108 1255; x_wconf 87' lang='lat' dir='ltr'>ct</span> <span class='ocrx_word' id='word_1_66' title='bbox 1128 1212 1186 1255; x_wconf 90' lang='lat' dir='ltr'>suo</span> <span class='ocrx_word' id='word_1_67' title='bbox 1205 1190 1308 1274; x_wconf 89' lang='lat' dir='ltr'>ipsius</span> <span class='ocrx_word' id='word_1_68' title='bbox 1326 1190 1464 1254; x_wconf 88' lang='lat' dir='ltr'>fortasse</span> 
     </span>
     <span class='ocr_line' id='line_1_9' title="bbox 292 1300 1014 1387; baseline -0.006 -20"><span class='ocrx_word' id='word_1_69' title='bbox 292 1302 423 1387; x_wconf 82' lang='lat' dir='ltr'>ingenio</span> <span class='ocrx_word' id='word_1_70' title='bbox 446 1301 520 1386; x_wconf 92' lang='lat' dir='ltr'>plus</span> <span class='ocrx_word' id='word_1_71' title='bbox 544 1323 640 1385; x_wconf 92' lang='lat' dir='ltr'>quam</span> <span class='ocrx_word' id='word_1_72' title='bbox 662 1324 720 1384; x_wconf 93' lang='lat' dir='ltr'>par</span> <span class='ocrx_word' id='word_1_73' title='bbox 743 1304 813 1364; x_wconf 88' lang='lat' dir='ltr'>erat</span> <span class='ocrx_word' id='word_1_74' title='bbox 835 1300 1014 1384; x_wconf 86' lang='lat' dir='ltr'>indulgens.</span> 
     </span>
    </p>

    <p class='ocr_par' dir='ltr' id='par_1_3' title="bbox 291 1403 1467 2563">
     <span class='ocr_line' id='line_1_10' title="bbox 381 1403 1465 1490; baseline -0.006 -17"><span class='ocrx_word' id='word_1_75' title='bbox 381 1408 555 1473; x_wconf 86' lang='lat' dir='ltr'>Alteram</span> <span class='ocrx_word' id='word_1_76' title='bbox 573 1409 788 1473; x_wconf 90' lang='lat' dir='ltr'>recensionem</span> <span class='ocrx_word' id='word_1_77' title='bbox 810 1406 966 1471; x_wconf 86' lang='lat' dir='ltr'>affirmari</span> <span class='ocrx_word' id='word_1_78' title='bbox 979 1427 1075 1490; x_wconf 92' lang='lat' dir='ltr'>posse</span> <span class='ocrx_word' id='word_1_79' title='bbox 1088 1404 1217 1468; x_wconf 85' lang='lat' dir='ltr'>videtur</span> <span class='ocrx_word' id='word_1_80' title='bbox 1225 1403 1465 1468; x_wconf 89' lang='lat' dir='ltr'>Aristarcheam</span> 
     </span>
     <span class='ocr_line' id='line_1_11' title="bbox 291 1509 1465 1598; baseline -0.005 -19"><span class='ocrx_word' id='word_1_81' title='bbox 291 1517 401 1581; x_wconf 83' lang='lat' dir='ltr'>fuisse.</span> <span class='ocrx_word' id='word_1_82' title='bbox 457 1515 546 1592; x_wconf 78' lang='lat' dir='ltr'>Quae</span> <span class='ocrx_word' id='word_1_83' title='bbox 581 1519 706 1579; x_wconf 91' lang='lat' dir='ltr'>restant</span> <span class='ocrx_word' id='word_1_84' title='bbox 742 1515 778 1578; x_wconf 92' lang='lat' dir='ltr'>in</span> <span class='ocrx_word' id='word_1_85' title='bbox 808 1513 1000 1598; x_wconf 82' lang='lat' dir='ltr'>fragmentis</span> <span class='ocrx_word' id='word_1_86' title='bbox 1031 1510 1211 1576; x_wconf 86' lang='lat' dir='ltr'>Aristonici</span> <span class='ocrx_word' id='word_1_87' title='bbox 1241 1509 1465 1575; x_wconf 87' lang='lat' dir='ltr'>Aristarcheae</span> 
     </span>
     <span class='ocr_line' id='line_1_12' title="bbox 292 1617 1464 1707; baseline -0.006 -20"><span class='ocrx_word' id='word_1_88' title='bbox 292 1622 440 1687; x_wconf 89' lang='lat' dir='ltr'>lectionis</span> <span class='ocrx_word' id='word_1_89' title='bbox 467 1621 619 1707; x_wconf 79' lang='lat' dir='ltr'>vestigia,</span> <span class='ocrx_word' id='word_1_90' title='bbox 647 1621 772 1706; x_wconf 88' lang='lat' dir='ltr'>semper</span> <span class='ocrx_word' id='word_1_91' title='bbox 795 1620 1001 1686; x_wconf 90' lang='lat' dir='ltr'>consentiunt</span> <span class='ocrx_word' id='word_1_92' title='bbox 1023 1641 1096 1683; x_wconf 90' lang='lat' dir='ltr'>cum</span> <span class='ocrx_word' id='word_1_93' title='bbox 1118 1617 1312 1682; x_wconf 89' lang='lat' dir='ltr'>lectionibus</span> <span class='ocrx_word' id='word_1_94' title='bbox 1335 1617 1464 1681; x_wconf 89' lang='lat' dir='ltr'>illorum</span> 
     </span>
     <span class='ocr_line' id='line_1_13' title="bbox 293 1725 1465 1815; baseline -0.006 -22"><span class='ocrx_word' id='word_1_95' title='bbox 293 1729 503 1815; x_wconf 89' lang='lat' dir='ltr'>scriptorum,</span> <span class='ocrx_word' id='word_1_96' title='bbox 530 1750 667 1814; x_wconf 89' lang='lat' dir='ltr'>quorum</span> <span class='ocrx_word' id='word_1_97' title='bbox 695 1729 730 1792; x_wconf 89' lang='lat' dir='ltr'>in</span> <span class='ocrx_word' id='word_1_98' title='bbox 756 1728 908 1793; x_wconf 87' lang='lat' dir='ltr'>manibus</span> <span class='ocrx_word' id='word_1_99' title='bbox 930 1727 1065 1791; x_wconf 89' lang='lat' dir='ltr'>alteram</span> <span class='ocrx_word' id='word_1_100' title='bbox 1086 1725 1186 1790; x_wconf 86' lang='lat' dir='ltr'>fuisse</span> <span class='ocrx_word' id='word_1_101' title='bbox 1210 1725 1465 1789; x_wconf 86' lang='lat' dir='ltr'>demonstratum</span> 
     </span>
     <span class='ocr_line' id='line_1_14' title="bbox 293 1831 1466 1921; baseline -0.005 -22"><span class='ocrx_word' id='word_1_102' title='bbox 293 1839 356 1921; x_wconf 73' lang='lat' dir='ltr'>est,</span> <span class='ocrx_word' id='word_1_103' title='bbox 382 1837 417 1899; x_wconf 88' lang='lat' dir='ltr'>in</span> <span class='ocrx_word' id='word_1_104' title='bbox 440 1836 624 1901; x_wconf 89' lang='lat' dir='ltr'>recensione</span> <span class='ocrx_word' id='word_1_105' title='bbox 647 1835 823 1914; x_wconf 84' lang='lat' dir='ltr'>Plutarchi,</span> <span class='ocrx_word' id='word_1_106' title='bbox 845 1835 940 1899; x_wconf 90' lang='lat' dir='ltr'>testis</span> <span class='ocrx_word' id='word_1_107' title='bbox 964 1833 1020 1917; x_wconf 89' lang='lat' dir='ltr'>qui</span> <span class='ocrx_word' id='word_1_108' title='bbox 1043 1836 1092 1897; x_wconf 90' lang='lat' dir='ltr'>cst</span> <span class='ocrx_word' id='word_1_109' title='bbox 1116 1832 1248 1896; x_wconf 90' lang='lat' dir='ltr'>alterius</span> <span class='ocrx_word' id='word_1_110' title='bbox 1271 1831 1466 1895; x_wconf 88' lang='lat' dir='ltr'>recensionis</span> 
     </span>
     <span class='ocr_line' id='line_1_15' title="bbox 294 1940 1465 2030; baseline -0.004 -24"><span class='ocrx_word' id='word_1_111' title='bbox 294 1942 563 2030; x_wconf 85' lang='lat' dir='ltr'>spectatissimus,</span> <span class='ocrx_word' id='word_1_112' title='bbox 595 1943 705 2028; x_wconf 81' lang='lat' dir='ltr'>signa</span> <span class='ocrx_word' id='word_1_113' title='bbox 736 1941 908 2006; x_wconf 87' lang='lat' dir='ltr'>manifesto</span> <span class='ocrx_word' id='word_1_114' title='bbox 941 1940 1074 2004; x_wconf 86' lang='lat' dir='ltr'>aderant</span> <span class='ocrx_word' id='word_1_115' title='bbox 1101 1941 1198 2023; x_wconf 90' lang='lat' dir='ltr'>atque</span> <span class='ocrx_word' id='word_1_116' title='bbox 1226 1959 1275 2024; x_wconf 88' lang='lat' dir='ltr'>ea,</span> <span class='ocrx_word' id='word_1_117' title='bbox 1309 1941 1465 2022; x_wconf 87' lang='lat' dir='ltr'>quantum</span> 
     </span>
     <span class='ocr_line' id='line_1_16' title="bbox 293 2043 1464 2135; baseline -0.005 -22"><span class='ocrx_word' id='word_1_118' title='bbox 293 2048 437 2113; x_wconf 82' lang='lat' dir='ltr'>videmus</span> <span class='ocrx_word' id='word_1_119' title='bbox 465 2046 507 2135; x_wconf 86' lang='lat' dir='ltr'>(v.</span> <span class='ocrx_word' id='word_1_120' title='bbox 531 2049 571 2113; x_wconf 87' lang='lat' dir='ltr'>ad</span> <span class='ocrx_word' id='word_1_121' title='bbox 593 2048 761 2134; x_wconf 83' lang='lat' dir='ltr'>v.1-10,</span> <span class='ocrx_word' id='word_1_122' title='bbox 784 2046 865 2134; x_wconf 78' lang='lat'>317)</span> <span class='ocrx_word' id='word_1_123' title='bbox 888 2046 1109 2130; x_wconf 78' lang='lat' dir='ltr'>Aristarchea3</span> <span class='ocrx_word' id='word_1_124' title='bbox 1136 2067 1240 2130; x_wconf 90' lang='lat' dir='ltr'>neque</span> <span class='ocrx_word' id='word_1_125' title='bbox 1262 2043 1398 2127; x_wconf 86' lang='lat' dir='ltr'>denique</span> <span class='ocrx_word' id='word_1_126' title='bbox 1421 2043 1464 2107; x_wconf 88' lang='lat' dir='ltr'>al-</span> 
     </span>
     <span class='ocr_line' id='line_1_17' title="bbox 293 2150 1463 2244; baseline -0.003 -26"><span class='ocrx_word' id='word_1_127' title='bbox 293 2155 395 2219; x_wconf 88' lang='lat' dir='ltr'>terins</span> <span class='ocrx_word' id='word_1_128' title='bbox 419 2158 488 2219; x_wconf 86' lang='lat' dir='ltr'>erat</span> <span class='ocrx_word' id='word_1_129' title='bbox 511 2155 712 2239; x_wconf 81' lang='lat' dir='ltr'>grammatici</span> <span class='ocrx_word' id='word_1_130' title='bbox 735 2158 827 2219; x_wconf 89' lang='lat' dir='ltr'>tanta</span> <span class='ocrx_word' id='word_1_131' title='bbox 850 2155 1040 2244; x_wconf 81' lang='lat' dir='ltr'>auctoritas,</span> <span class='ocrx_word' id='word_1_132' title='bbox 1062 2153 1153 2217; x_wconf 91' lang='lat' dir='ltr'>cuius</span> <span class='ocrx_word' id='word_1_133' title='bbox 1175 2152 1316 2216; x_wconf 88' lang='lat' dir='ltr'>recensio</span> <span class='ocrx_word' id='word_1_134' title='bbox 1340 2150 1463 2216; x_wconf 91' lang='lat' dir='ltr'>tamdiu</span> 
     </span>
     <span class='ocr_line' id='line_1_18' title="bbox 293 2257 1465 2345; baseline -0.003 -20"><span class='ocrx_word' id='word_1_135' title='bbox 293 2262 432 2326; x_wconf 84' lang='lat' dir='ltr'>ferretur</span> <span class='ocrx_word' id='word_1_136' title='bbox 464 2266 497 2325; x_wconf 92' lang='lat' dir='ltr'>et</span> <span class='ocrx_word' id='word_1_137' title='bbox 528 2284 547 2326; x_wconf 92' lang='lat' dir='ltr'>a</span> <span class='ocrx_word' id='word_1_138' title='bbox 578 2260 720 2345; x_wconf 88' lang='lat' dir='ltr'>Didymo</span> <span class='ocrx_word' id='word_1_139' title='bbox 755 2283 879 2344; x_wconf 91' lang='lat' dir='ltr'>semper</span> <span class='ocrx_word' id='word_1_140' title='bbox 911 2261 1131 2345; x_wconf 88' lang='lat' dir='ltr'>inspiceretur.</span> <span class='ocrx_word' id='word_1_141' title='bbox 1187 2257 1357 2324; x_wconf 78' lang='lat' dir='ltr'>Consentit</span> <span class='ocrx_word' id='word_1_142' title='bbox 1389 2279 1465 2322; x_wconf 88' lang='lat' dir='ltr'>vero</span> 
     </span>
     <span class='ocr_line' id='line_1_19' title="bbox 295 2363 1466 2454; baseline -0.004 -22"><span class='ocrx_word' id='word_1_143' title='bbox 295 2368 397 2433; x_wconf 90' lang='lat' dir='ltr'>altera</span> <span class='ocrx_word' id='word_1_144' title='bbox 421 2368 563 2432; x_wconf 89' lang='lat' dir='ltr'>recensio</span> <span class='ocrx_word' id='word_1_145' title='bbox 587 2369 622 2433; x_wconf 92' lang='lat' dir='ltr'>in</span> <span class='ocrx_word' id='word_1_146' title='bbox 644 2368 845 2454; x_wconf 83' lang='lat' dir='ltr'>gravissimis</span> <span class='ocrx_word' id='word_1_147' title='bbox 869 2368 1051 2452; x_wconf 89' lang='lat' dir='ltr'>quibusque</span> <span class='ocrx_word' id='word_1_148' title='bbox 1073 2367 1170 2431; x_wconf 90' lang='lat' dir='ltr'>rebus</span> <span class='ocrx_word' id='word_1_149' title='bbox 1194 2388 1267 2430; x_wconf 91' lang='lat' dir='ltr'>cum</span> <span class='ocrx_word' id='word_1_150' title='bbox 1289 2365 1346 2429; x_wconf 86' lang='lat' dir='ltr'>illa</span> <span class='ocrx_word' id='word_1_151' title='bbox 1368 2363 1466 2429; x_wconf 90' lang='lat' dir='ltr'>Athe·</span> 
     </span>
     <span class='ocr_line' id='line_1_20' title="bbox 295 2472 1467 2563; baseline -0.004 -23"><span class='ocrx_word' id='word_1_152' title='bbox 295 2475 456 2540; x_wconf 88' lang='lat' dir='ltr'>niensium</span> <span class='ocrx_word' id='word_1_153' title='bbox 479 2476 695 2540; x_wconf 82' lang='lat' dir='ltr'>vetustiorum</span> <span class='ocrx_word' id='word_1_154' title='bbox 719 2473 771 2563; x_wconf 84' lang='lat' dir='ltr'>(cf.</span> <span class='ocrx_word' id='word_1_155' title='bbox 790 2473 945 2560; x_wconf 83' lang='lat' dir='ltr'>Platonis,</span> <span class='ocrx_word' id='word_1_156' title='bbox 968 2473 1147 2557; x_wconf 84' lang='lat' dir='ltr'>Aeschinis,</span> <span class='ocrx_word' id='word_1_157' title='bbox 1169 2472 1358 2537; x_wconf 85' lang='lat' dir='ltr'>Aristotelis</span> <span class='ocrx_word' id='word_1_158' title='bbox 1377 2472 1467 2536; x_wconf 88' lang='lat' dir='ltr'>testi-</span> 
     </span>
    </p>
   </div>
   <div class='ocr_carea' id='block_1_3' title="bbox 180 2578 1468 3305">
    <p class='ocr_par' dir='ltr' id='par_1_4' title="bbox 180 2578 1467 2967">
     <span class='ocr_line' id='line_1_21' title="bbox 295 2578 1467 2669; baseline -0.004 -23"><span class='ocrx_word' id='word_1_159' title='bbox 295 2580 417 2669; x_wconf 88' lang='lat' dir='ltr'>monia)</span> <span class='ocrx_word' id='word_1_160' title='bbox 442 2604 580 2669; x_wconf 81' lang='lat' dir='ltr'>semper3</span> <span class='ocrx_word' id='word_1_161' title='bbox 602 2583 667 2646; x_wconf 88' lang='lat' dir='ltr'>iam</span> <span class='ocrx_word' id='word_1_162' title='bbox 690 2583 803 2669; x_wconf 89' lang='lat' dir='ltr'>elucet,</span> <span class='ocrx_word' id='word_1_163' title='bbox 825 2582 858 2646; x_wconf 89' lang='lat' dir='ltr'>id</span> <span class='ocrx_word' id='word_1_164' title='bbox 882 2582 968 2666; x_wconf 89' lang='lat' dir='ltr'>quod</span> <span class='ocrx_word' id='word_1_165' title='bbox 990 2604 1047 2665; x_wconf 89' lang='lat' dir='ltr'>per</span> <span class='ocrx_word' id='word_1_166' title='bbox 1067 2602 1100 2645; x_wconf 91' lang='lat' dir='ltr'>se</span> <span class='ocrx_word' id='word_1_167' title='bbox 1119 2583 1334 2666; x_wconf 81' lang='lat' dir='ltr'>exspectatur,</span> <span class='ocrx_word' id='word_1_168' title='bbox 1355 2578 1467 2642; x_wconf 86' lang='lat' dir='ltr'>funda-</span> 
     </span>
     <span class='ocr_line' id='line_1_22' title="bbox 294 2686 1466 2774; baseline -0.003 -21"><span class='ocrx_word' id='word_1_169' title='bbox 294 2692 440 2753; x_wconf 85' lang='lat' dir='ltr'>mentum</span> <span class='ocrx_word' id='word_1_170' title='bbox 462 2687 687 2754; x_wconf 83' lang='lat' dir='ltr'>Aristarcheae</span> <span class='ocrx_word' id='word_1_171' title='bbox 710 2688 914 2774; x_wconf 89' lang='lat' dir='ltr'>recensionis,</span> <span class='ocrx_word' id='word_1_172' title='bbox 939 2688 1034 2752; x_wconf 90' lang='lat' dir='ltr'>utin</span> <span class='ocrx_word' id='word_1_173' title='bbox 1055 2686 1238 2751; x_wconf 88' lang='lat' dir='ltr'>Homericis</span> <span class='ocrx_word' id='word_1_174' title='bbox 1262 2686 1466 2768; x_wconf 87' lang='lat' dir='ltr'>carminibus,</span> 
     </span>
     <span class='ocr_line' id='line_1_23' title="bbox 180 2791 1467 2880; baseline -0.002 -20"><span class='ocrx_word' id='word_1_175' title='bbox 180 2838 184 2845; x_wconf 84' lang='lat'><strong>·</strong></span> <span class='ocrx_word' id='word_1_176' title='bbox 295 2795 463 2880; x_wconf 81' lang='lat' dir='ltr'>vulgatam</span> <span class='ocrx_word' id='word_1_177' title='bbox 490 2795 709 2866; x_wconf 23' lang='lat' dir='ltr'>,veterrimam</span> <span class='ocrx_word' id='word_1_178' title='bbox 748 2795 849 2858; x_wconf 89' lang='lat' dir='ltr'>fuisse</span> <span class='ocrx_word' id='word_1_179' title='bbox 889 2795 909 2860; x_wconf 64' lang='lat' dir='ltr'>i„</span> <span class='ocrx_word' id='word_1_180' title='bbox 937 2816 963 2859; x_wconf 90' lang='lat' dir='ltr'>e.</span> <span class='ocrx_word' id='word_1_181' title='bbox 1005 2791 1226 2878; x_wconf 84' lang='lat' dir='ltr'>apographum</span> <span class='ocrx_word' id='word_1_182' title='bbox 1261 2791 1467 2857; x_wconf 89' lang='lat' dir='ltr'>Pisistrateae</span> 
     </span>
     <span class='ocr_line' id='line_1_24' title="bbox 294 2902 499 2967; baseline 0.005 -1"><span class='ocrx_word' id='word_1_183' title='bbox 294 2902 499 2967; x_wconf 88' lang='lat' dir='ltr'>recensionis.</span> 
     </span>
    </p>

    <p class='ocr_par' dir='ltr' id='par_1_5' title="bbox 295 3007 1468 3305">
     <span class='ocr_line' id='line_1_25' title="bbox 384 3007 1468 3093; baseline -0.003 -20"><span class='ocrx_word' id='word_1_184' title='bbox 384 3009 472 3073; x_wconf 90' lang='lat' dir='ltr'>Haec</span> <span class='ocrx_word' id='word_1_185' title='bbox 507 3009 606 3073; x_wconf 88' lang='lat' dir='ltr'>habui</span> <span class='ocrx_word' id='word_1_186' title='bbox 644 3031 726 3093; x_wconf 90' lang='lat' dir='ltr'>quae</span> <span class='ocrx_word' id='word_1_187' title='bbox 762 3008 907 3073; x_wconf 86' lang='lat' dir='ltr'>dicerem.</span> <span class='ocrx_word' id='word_1_188' title='bbox 961 3007 1096 3073; x_wconf 91' lang='lat' dir='ltr'>Utinam</span> <span class='ocrx_word' id='word_1_189' title='bbox 1132 3007 1211 3071; x_wconf 88' lang='lat' dir='ltr'>haec</span> <span class='ocrx_word' id='word_1_190' title='bbox 1246 3028 1318 3071; x_wconf 91' lang='lat' dir='ltr'>mea</span> <span class='ocrx_word' id='word_1_191' title='bbox 1352 3007 1468 3093; x_wconf 89' lang='lat' dir='ltr'>studia,</span> 
     </span>
     <span class='ocr_line' id='line_1_26' title="bbox 295 3112 1467 3200; baseline -0.003 -21"><span class='ocrx_word' id='word_1_192' title='bbox 295 3137 419 3180; x_wconf 91' lang='lat' dir='ltr'>summo</span> <span class='ocrx_word' id='word_1_193' title='bbox 443 3138 551 3180; x_wconf 91' lang='lat' dir='ltr'>amore</span> <span class='ocrx_word' id='word_1_194' title='bbox 575 3120 607 3179; x_wconf 91' lang='lat' dir='ltr'>et</span> <span class='ocrx_word' id='word_1_195' title='bbox 630 3138 704 3181; x_wconf 89' lang='lat' dir='ltr'>cura</span> <span class='ocrx_word' id='word_1_196' title='bbox 723 3139 742 3180; x_wconf 91' lang='lat' dir='ltr'>a</span> <span class='ocrx_word' id='word_1_197' title='bbox 759 3138 810 3179; x_wconf 91' lang='lat' dir='ltr'>me</span> <span class='ocrx_word' id='word_1_198' title='bbox 831 3114 972 3200; x_wconf 85' lang='lat' dir='ltr'>exculta,</span> <span class='ocrx_word' id='word_1_199' title='bbox 996 3116 1134 3180; x_wconf 91' lang='lat' dir='ltr'>aliorum</span> <span class='ocrx_word' id='word_1_200' title='bbox 1154 3135 1282 3198; x_wconf 92' lang='lat' dir='ltr'>quoque</span> <span class='ocrx_word' id='word_1_201' title='bbox 1300 3112 1467 3178; x_wconf 87' lang='lat' dir='ltr'>Hesiodeis</span> 
     </span>
     <span class='ocr_line' id='line_1_27' title="bbox 296 3221 873 3305; baseline -0.002 -19"><span class='ocrx_word' id='word_1_202' title='bbox 296 3221 412 3286; x_wconf 90' lang='lat' dir='ltr'>studiis</span> <span class='ocrx_word' id='word_1_203' title='bbox 436 3222 558 3305; x_wconf 91' lang='lat' dir='ltr'>aliquid</span> <span class='ocrx_word' id='word_1_204' title='bbox 582 3221 665 3286; x_wconf 89' lang='lat' dir='ltr'>lucri</span> <span class='ocrx_word' id='word_1_205' title='bbox 687 3223 873 3305; x_wconf 86' lang='lat' dir='ltr'>praebeant!</span> 
     </span>
    </p>
   </div>
   <div class='ocr_carea' id='block_1_4' title="bbox 0 0 1707 5178">
    <p class='ocr_par' dir='ltr' id='par_1_6' title="bbox 0 0 1707 5178">
     <span class='ocr_line' id='line_1_28' title="bbox 0 0 1707 5178; baseline 0 0"><span class='ocrx_word' id='word_1_206' title='bbox 0 0 1707 5178; x_wconf 95' lang='lat' dir='ltr'> </span> 
     </span>
    </p>
   </div>
   <div class='ocr_carea' id='block_1_5' title="bbox 1692 971 1698 1513">
    <p class='ocr_par' dir='ltr' id='par_1_7' title="bbox 1692 971 1698 1513">
     <span class='ocr_line' id='line_1_29' title="bbox 1692 971 1698 1513; baseline 0 0"><span class='ocrx_word' id='word_1_207' title='bbox 1692 971 1698 1513; x_wconf 95' lang='lat' dir='ltr'> </span> 
     </span>
    </p>
   </div>
  </div>
 </body>
</html>
