3342 5168
293 336 335 400 lO
539 335 681 401 Quantum
698 334 827 389 noverint
845 333 955 403 antiqui
972 333 1091 389 lectores
1110 352 1229 390 carmen.

292 499 356 564 143
371 521 432 583 sq,
454 499 551 583 paulo
574 498 707 563 liberius
730 498 877 562 imitatus
901 501 951 562 est
973 520 1001 562 1.
1021 498 1197 564 320-326
1221 499 1287 563 suis
1306 503 1460 582 quattuor

293 606 469 671 199-202
492 610 524 670 et
545 627 674 672 versum
699 606 764 671 336
790 605 937 669 versibus
964 605 1130 689 111,112.
1173 604 1222 669 De
1246 606 1459 671 bonovicino

291 712 377 796 quod
408 716 472 799 est,
507 711 541 775 id
574 712 625 776 vel
658 735 676 776 a
703 710 841 775 Pindaro
872 709 978 798 (Nem.
999 712 1016 774 1
1023 765 1032 798 ,
1052 711 1115 776 129
1135 709 1196 800 sq.)
1223 712 1398 777 imitatoris
1426 735 1461 777 m

290 840 413 883 morem
435 839 622 903 expressum
640 821 698 883 est.

378 924 572 990 Perventum
599 926 649 989 est
676 923 716 987 ad
738 921 857 1010 Opera,
884 923 922 988 de
945 923 1064 1009 quibus
1086 945 1181 989 nemo
1205 946 1348 1008 unquam
1371 924 1460 989 dubi·

290 1031 380 1096 tavit.
426 1030 539 1115 Neque
572 1030 687 1094 desunt
718 1029 918 1117 testimonia,
949 1031 1089 1114 plurima
1121 1030 1206 1115 apud
1233 1031 1459 1115 Theognidem.

289 1137 372 1202 Vide
386 1160 411 1201 e.
422 1159 462 1223 g,
476 1136 636 1221 quomodo
645 1159 674 1201 1.
686 1136 905 1202 1191-1202
920 1137 1112 1221 expresserit
1125 1137 1285 1201 Hesiodea
1299 1138 1375 1222 448,
1384 1136 1459 1202 451.

291 1281 332 1291 -
360 1244 499 1309 Versum
530 1244 596 1308 412
633 1246 741 1327 aperte
776 1242 883 1307 innuit
914 1242 1071 1308 Pindarus
1104 1242 1231 1331 (isthm.
1264 1244 1299 1326 6,
1323 1244 1366 1307 66
1381 1241 1459 1330 sq.):

290 1352 440 1436 Λάμπων
460 1346 496 1415 di
516 1348 681 1434 μελέταν
699 1352 831 1436 ἔργοις
850 1350 979 1428 ὀπάζων
989 1348 1149 1416 Ἡσιόδου
1167 1351 1254 1436 μάλα
1272 1359 1350 1437 τιμᾷ
1367 1348 1457 1415 τοῦτ’

291 1459 376 1534 ἔπος.
395 1495 440 1503 -
459 1455 608 1540 Sapphus
630 1456 715 1540 apud
737 1456 914 1521 Maximum
933 1455 1067 1540 Tyrium
1086 1455 1154 1544 (24,
1173 1454 1208 1543 9)
1230 1456 1460 1541 fragmentum:

289 1572 329 1649 τῇ
363 1560 399 1629 dl
428 1568 568 1648 Σαπφοῖ
598 1560 723 1641 ἐτίναξε
754 1564 812 1640 τὰς
844 1560 969 1647 φρένας
1001 1563 1050 1640 ὡς
1081 1564 1224 1647 ἄνεμος
1254 1562 1335 1629 κατ’
1369 1567 1461 1649 ὄρος

292 1668 433 1755 δρυσὶν
463 1668 639 1754 ἐμπεσών
669 1672 797 1733 revocat
824 1669 860 1733 in
886 1672 1027 1733 mentem
1054 1665 1195 1752 Operum
1222 1691 1250 1732 1.
1274 1668 1459 1734 509-511.

291 1814 333 1823 -
353 1775 475 1840 Versus
494 1774 670 1840 582-589
694 1773 832 1840 Alcaeus
856 1775 895 1839 ad
917 1775 1051 1840 verbum
1069 1775 1136 1839 fere
1154 1775 1313 1858 expressit
1331 1773 1384 1862 (fr.
1404 1776 1460 1841 39:

244 1912 250 1919 ·
290 1883 329 1947 cf.
353 1882 451 1947 schol.
474 1881 605 1947 Hesiod.
634 1881 673 1946 ad
699 1880 829 1969 locum).
875 1880 1014 1946 Versum
1037 1880 1102 1947 568
1130 1882 1308 1964 respexisse
1334 1882 1461 1947 videtur

165 2054 168 2061 ,
291 1986 494 2053 Stesichorus
509 1986 561 2075 (fr.
572 1989 615 2053 36
623 1986 697 2076 Be):
713 2011 906 2073 quamquam
920 1992 969 2053 est
986 1988 1108 2052 incerta
1124 1988 1291 2052 sententia.
1300 2026 1346 2034 -
1359 1988 1459 2053 Porro

290 2095 325 2159 in
347 2095 404 2160 illa
426 2098 531 2182 parte,
554 2117 635 2179 quae
658 2098 708 2159 est
731 2095 769 2159 de
791 2094 1006 2180 navigatione,
1032 2094 1089 2158 ubi
1112 2098 1179 2159 tam
1201 2095 1305 2158 multa
1328 2095 1366 2160 de
1389 2096 1459 2179 ipso

291 2201 434 2266 Hesiodo
458 2202 671 2286 reperiuntur,
697 2201 827 2266 difficile
850 2205 919 2266 erat
941 2201 1072 2266 imitari.
1118 2199 1286 2287 Attamen,
1307 2201 1343 2266 ni
1365 2201 1461 2266 fallor

289 2307 325 2371 in
345 2307 397 2372 his
421 2305 550 2373 Solonis
575 2307 643 2396 (13,
659 2305 719 2396 43)

380 2416 515 2480 enadda
539 2409 569 2479 δ’
595 2417 741 2482 ἄλλοθεν
764 2417 876 2493 ἄλλος·
900 2416 919 2481 ὁ
942 2412 1002 2500 μὲν
1025 2415 1106 2480 κοινὰ
1129 2417 1254 2480 πόντον
1276 2414 1393 2481 ἀλᾶνοιι

380 2521 417 2587 ἐν
448 2520 571 2606 νηυσὶν
597 2521 725 2608 χρῄζων
753 2523 887 2588 οἴκαδε
914 2519 1054 2608 κέρδος
1081 2523 1193 2604 ἄγειν
1223 2521 1323 2586 habes
1355 2522 1460 2586 imita-

290 2628 413 2693 tionem
435 2651 548 2693 versus
567 2629 640 2693 632.
660 2627 896 2693 -Alterius
920 2627 1198 2714 Onomologiae
1220 2628 1358 2693 fortasse
1378 2629 1459 2692 eius-

290 2734 361 2798 dem
396 2733 525 2800 Solonis
557 2736 648 2800 adest
680 2736 910 2800 testimonium.
960 2733 1009 2799 Of.
1040 2735 1264 2820 11219111.
1297 2757 1370 2800 cum
1401 2733 1458 2820 Op.

289 2865 318 2906 1.
342 2842 467 2926 102111.
514 2840 614 2918 Quem
645 2843 752 2906 locum
780 2842 845 2906 iam
873 2842 913 2905 ab
941 2841 1083 2926 antiquis
1112 2846 1180 2906 erat
1211 2842 1415 2907 observatum
1441 2865 1460 2906 a

290 2946 459 3014 Semonide
491 2970 561 3013 esse
589 2970 773 3032 expressum
800 2945 852 3034 (fr.
872 2945 916 3033 6).
962 2947 1116 3012 Eiusdem
1142 2971 1268 3034 versus,
1299 2949 1356 3032 qui
1384 2952 1460 3013 sunt

289 3055 327 3120 fr.
349 3056 378 3140 1,
397 3055 461 3119 110
473 3077 520 3138 sq.
539 3059 689 3118 revocant
708 3051 766 3137 Op.
785 3076 814 3118 v.
832 3053 905 3139 100,
923 3053 1127 3140 Theognidea
1149 3054 1233 3120 1089
1246 3077 1291 3139 sq.
1312 3052 1370 3138 Op.
1387 3055 1458 3118 109.

290 3158 337 3225 Of.
367 3161 464 3224 etiam
487 3160 629 3245 Theogn
651 3160 737 3223 1113
761 3181 833 3223 cum
856 3159 914 3244 Op.
936 3161 1013 3246 116,
1040 3160 1181 3246 Theogn.
1201 3160 1280 3246 335,
1298 3161 1362 3225 401
1387 3183 1459 3225 cum

290 3265 349 3366 Op.
369 3266 443 3354 694,
466 3269 499 3331 et
522 3266 718 3330 adverbum
741 3266 807 3330 fere
833 3288 913 3350 quae
936 3267 992 3331 ille
1015 3267 1172 3351 expressit
1189 3290 1219 3332 1.
1240 3267 1303 3333 155
1317 3289 1364 3351 sq.
1387 3289 1460 3332 cum

290 3372 348 3458 Op.
370 3374 490 3458 Vllsq.

378 3479 525 3563 Denique
538 3478 643 3564 Dies,
662 3480 780 3563 quibus
799 3480 888 3565 deest
905 3483 1075 3564 poetarum
1091 3480 1321 3564 testimonium,
1338 3480 1459 3544 habent

290 3587 383 3670 quasi
402 3586 581 3650 adiutorem
595 3585 806 3671 Heraclitum,
825 3608 921 3670 quem
937 3587 1066 3652 novisse
1083 3586 1170 3651 hand
1183 3590 1308 3670 partem
1325 3607 1458 3669 poeseos

289 3691 469 3757 Hesiodeae
492 3696 620 3758 constat
643 3715 681 3757 ex
705 3692 789 3757 Plut.
813 3691 880 3757 Vit.
905 3691 1034 3758 Oamilli
1054 3693 1103 3758 19.

379 3798 466 3876 Quae
493 3821 566 3864 cum
588 3800 636 3864 ita
659 3800 739 3888 sint,
765 3799 877 3864 videor
899 3798 979 3863 mihi
1002 3799 1181 3863 ostendisse
1203 3802 1310 3864 totum
1333 3820 1460 3863 carmen

289 3905 494 3992 Hesiodeum,
517 3907 545 3971 si
564 3906 692 3991 quidem
710 3907 869 3971 rationem
886 3905 986 3970 habes
1004 3905 1146 3989 partium
1164 3905 1372 3991 integrarum,
1394 3904 1459 3968 iam

290 4016 381 4077 sexto
406 4016 479 4077 ante
499 4010 572 4077 Ohr.
596 4034 626 4077 n.
646 4013 772 4078 saeculo
794 4035 862 4078 non
884 4012 978 4077 aliter
996 4034 1066 4077 esse
1083 4010 1202 4077 lectum
1225 4015 1322 4095 atque
1339 4010 1459 4096 legitur

289 4140 382 4183 nunc.
428 4116 542 4203 Neque
569 4123 632 4204 est,
660 4141 716 4184 cur
739 4119 866 4184 dubites
889 4141 924 4184 re
947 4140 1022 4183 vera
1043 4118 1263 4204 legerintne
1286 4117 1458 4201 scriptores

290 4224 373 4289 sexti
396 4224 514 4289 saeculi
536 4223 671 4289 Hesiodi
693 4225 842 4290 carmina.
880 4224 1080 4310 Quamquam
1103 4225 1188 4290 enim
1210 4224 1308 4288 etiam
1326 4222 1459 4288 Hesiodi

289 4330 431 4396 carmina
462 4353 520 4415 per
551 4330 729 4415 rhapsodos
762 4331 1025 4417 divulgabantur,
1057 4334 1133 4395 sunt
1163 4333 1272 4394 tamen
1303 4329 1457 4414 quaedam

289 4436 487 4503 1m1tationes
512 4437 580 4502 eius
603 4438 739 4526 generis,
760 4439 898 4503 maxime
917 4435 1106 4503 Semonidea
1127 4436 1193 4523 illa,
1215 4440 1253 4501 ut
1270 4436 1371 4502 lecta
1389 4457 1459 4500 esse
