3366 5168
511 351 514 355 ¹
591 329 633 383 De
651 327 801 383 Plutarcho
820 331 934 383 anctore
951 327 1052 384 Procli.
1365 329 1407 393 99

235 515 264 559 v.
287 495 351 560 760
368 517 398 577 p.
418 492 484 557 413
508 493 548 556 ad
570 493 711 557 incertae
735 493 820 556 sedis
841 492 948 558 locum
969 491 1172 557 Platonicum
1195 515 1214 556 1
1233 491 1408 556 Plutarcho

237 600 272 665 in
291 599 519 665 commentario
538 599 719 684 laudatum3
739 599 779 663 ad
796 623 825 664 v.
841 599 903 664 169
917 622 947 683 p.
958 599 1023 663 419
1039 598 1079 664 ad
1092 599 1173 663 tales
1186 599 1283 683 locos,
1298 599 1408 684 quales

235 710 312 771 sunt
334 706 416 772 Tim.
440 707 523 791 360,
546 703 854 791 Leg.V1p.77503
882 705 921 770 ad
948 706 1066 771 1892
1093 729 1123 789 p.
1147 705 1212 772 438
1241 706 1281 770 ad
1307 705 1408 791 Leges

238 812 286 878 IV
304 837 334 898 p.
356 815 456 879 1161.
502 810 571 876 Iam
594 811 682 895 satis,
701 812 825 896 opinor,
844 811 1002 896 apparuit,
1026 834 1122 896 quam
1140 812 1291 895 frequens
1310 812 1407 876 fuerit

236 920 320 1004 apud
347 918 497 984 Ptoclum
525 919 701 983 auctoritas
728 918 889 983 Platonis:
917 919 995 983 olim
1024 918 1143 1002 ubique
1175 918 1241 982 fere
1273 917 1409 982 dixerim

236 1048 306 1091 eam
329 1027 513 1111 regnavisse
535 1025 571 1090 in
593 1025 831 1089 commentariis
854 1025 968 1090 Procli.

324 1132 591 1197 Adversariorum
620 1132 797 1197 sententias
825 1154 864 1196 ex
886 1136 978 1215 parte
1001 1131 1066 1195 iam
1088 1131 1123 1195 in
1145 1131 1322 1197 Platonicis
1346 1133 1409 1197 dia-

233 1239 319 1325 logis
341 1239 479 1324 invenit,
501 1240 656 1304 maiorem
678 1243 804 1323 partem
827 1238 1045 1323 suppeditavit
1068 1261 1119 1323 ea,
1147 1261 1210 1323 qua
1232 1238 1410 1304 instructus

235 1350 318 1432 erat,
350 1346 495 1411 doctrina
526 1345 728 1431 philosopha.
782 1343 895 1409 Veluti
927 1345 1001 1409 inde
1032 1344 1131 1410 habet
1158 1346 1317 1430 Epicurea
1345 1346 1411 1431 illa,

235 1453 273 1516 de
297 1453 414 1537 quibus
438 1453 578 1517 diximus
602 1476 699 1537 snpra
717 1477 747 1538 p.
766 1452 819 1520 46.
864 1450 1074 1518 Aristotelem
1097 1453 1231 1518 advocat
1253 1453 1411 1538 partima

235 1558 409 1624 Plutarcho
434 1559 624 1638 admonitus,
647 1559 682 1623 id
704 1558 790 1644 quod
807 1559 892 1624 infra
910 1559 1148 1645 demonstrab0,
1165 1560 1285 1644 partim
1302 1560 1409 1625 nescio

237 1688 279 1731 an
307 1667 345 1730 de
374 1688 432 1730 suo
460 1662 643 1752 (p.315,8
665 1666 741 1730 hist.
762 1664 957 1730 11114991)
979 1667 1012 1752 73
1034 1689 1064 1750 p.
1085 1663 1410 1750 3111111111

235 1772 329 1837 5961)
344 1770 390 1860 4).
435 1772 566 1836 Etenim
589 1772 827 1837 accuratissime
850 1773 978 1837 novisse
998 1772 1096 1837 huius
1119 1773 1239 1857 scripta
1261 1772 1410 1837 Proclum

235 1879 320 1945 inter
340 1900 450 1943 omnes
475 1882 610 1943 constat.
656 1878 821 1943 Plutarchi
843 1878 1070 1963 Neoplatonici
1093 1879 1156 1943 fuit
1175 1879 1315 1964 auditor,
1339 1901 1411 1943 cum

236 1985 409 2070 explicaret
431 1985 618 2050 Aristotelis
642 1985 680 2049 de
704 1986 810 2050 anima
831 1985 949 2070 libros,
971 1990 1055 2050 teste
1078 1985 1204 2050 Marino
1227 1986 1284 2050 vit.
1306 1984 1410 2050 Prool.

236 2089 510 2180 1.12(11.1.9).
568 2089 631 2155 Sed
661 2092 829 2156 mittamus
862 2092 953 2156 haec:
986 2092 1091 2157 aditus
1124 2093 1182 2156 fiat
1215 2092 1255 2157 ad
1286 2092 1410 2157 fontem

160 2182 166 2191 ⁸
235 2199 433 2287 primarium,
454 2199 619 2264 Plutarchi
643 2200 916 2265 commentarium.

323 2305 386 2371 Hic
404 2328 629 2391 praemoneam
647 2306 742 2371 ineis
762 2329 843 2391 quae
858 2310 986 2371 exstant
1005 2307 1136 2372 scholiis
1149 2329 1268 2373 nomen
1282 2307 1411 2391 quidem

237 2412 404 2477 Plutarchi
436 2413 563 2497 saepius
591 2411 712 2497 afferri,
745 2413 851 2496 ipsum
879 2434 960 2497 opus
986 2413 1288 2477 commentariorum
1314 2413 1412 2497 signi-

239 2518 328 2583 ficari
346 2541 515 2603 nusquam.
552 2515 615 2582 Sed
633 2522 665 2582 et
683 2518 773 2582 adest
790 2519 885 2583 testis
900 2515 1024 2582 Gellius
1042 2515 1077 2603 (l.
1091 2518 1112 2581 l.
1132 2539 1229 2602 supra
1246 2541 1277 2602 p.
1297 2516 1354 2604 97)
1378 2522 1411 2583 et

239 2625 378 2689 clamant
409 2625 481 2709 ipsa
513 2624 643 2688 scholia.
698 2622 832 2688 Frustra
864 2625 1059 2708 quaesiveris
1086 2625 1175 2689 locos
1201 2623 1410 2689 Plutarcheos

237 2731 354 2816 ineis,
381 2752 463 2816 quae
486 2733 625 2795 aetatem
648 2731 802 2818 tulerunt,
826 2730 962 2814 scriptis.
1008 2730 1054 2795 Et
1077 2752 1215 2814 quanam
1239 2730 1302 2795 alia
1325 2752 1410 2796 ocoe-

160 2825 161 2828 ¹
238 2837 327 2901 sione
354 2837 419 2901 nisi
445 2859 504 2921 per
530 2837 777 2903 commentarios
805 2835 927 2921 prodiit
954 2836 1009 2900 ille
1037 2836 1214 2900 instructus
1242 2837 1341 2901 variis
1367 2836 1412 2901 le-

237 2943 400 3009 ctionibus
423 2943 623 3009 athetasibus
645 2944 834 3028 reliquoque
857 2943 1141 3028 grammaticorum
1164 2942 1342 3027 apparatu?

324 3051 510 3116 Monuimus
537 3054 646 3115 autem
674 3073 771 3134 supra
794 3073 824 3134 p.
844 3049 887 3113 96
910 3047 1103 3136 interduml)
1130 3049 1166 3113 in
1188 3049 1291 3114 altera
1316 3053 1408 3133 parte

235 3157 477 3223 Proclianorum
504 3158 626 3243 perisse
647 3179 765 3223 nomen
787 3134 966 3240 Plutarchi,
993 3156 1028 3220 in
1050 3156 1151 3220 altera
1174 3157 1290 3221 adesse.
1331 3154 1409 3221 Inde

236 3264 405 3331 concludas
434 3265 513 3330 olim
540 3265 574 3329 id
602 3265 733 3329 omnino
760 3264 864 3329 multo
894 3263 1021 3347 saepius
1045 3264 1227 3329 occurrisse.
1267 3263 1313 3328 Et
1335 3263 1410 3329 licet

239 3392 324 3436 nunc
348 3394 475 3456 quoque
495 3372 649 3457 quaedam
666 3372 758 3436 facta
781 3375 963 3455 temporum
982 3370 1115 3435 decursu
1138 3392 1299 3455 anonyma
1319 3370 1413 3435 resti-

236 3480 326 3542 tuere
349 3477 524 3543 Plutarcho
548 3478 702 3543 adhibitis
724 3477 859 3561 reliquis
882 3478 950 3542 eius
974 3477 1111 3562 scriptis.

327 3581 410 3648 Sunt
438 3606 578 3669 quoque,
607 3606 688 3668 quae
716 3606 755 3648 ex
782 3584 932 3650 universa
960 3585 1141 3670 argumenti
1168 3586 1293 3649 ratione
1315 3606 1410 3648 nemo

236 3711 303 3753 non
329 3689 480 3754 concedat
502 3690 689 3776 Plutarcho,
716 3690 818 3756 veluti
845 3691 902 3755 ubi
926 3691 1027 3774 spirat
1053 3691 1121 3754 eius
1145 3712 1234 3754 amor
1256 3689 1410 3755 Boeotiae

237 3796 373 3880 patriae,
400 3796 457 3859 ubi
484 3799 617 3881 apparet
642 3797 849 3861 notissimum
876 3795 957 3859 illud
984 3795 1127 3859 studium
1154 3795 1331 3859 delectandi
1353 3818 1410 3879 per

237 3901 381 3986 exempla
413 3902 481 3966 sive
512 3924 550 3966 ex
582 3925 690 3967 rerum
721 3907 887 3990 gestarum
918 3901 1073 3964 memoria
1106 3900 1172 3964 sive
1205 3922 1243 3964 ex
1269 3901 1409 3966 fabulari

236 4007 373 4072 historia
394 4008 504 4093 petita.
551 4006 682 4073 Accedit
704 4029 831 4072 morum
854 4006 1122 4070 emendandorum
1144 4006 1292 4071 amabilis
1317 4029 1411 4091 quae-

237 4115 310 4180 dam
333 4137 418 4200 cura,
442 4114 623 4180 Stoicorum
646 4115 681 4179 in
703 4114 820 4198 etymis
840 4112 1035 4198 explicandis
1059 4113 1206 4178 imitatio.
1242 4112 1331 4178 Haec
1348 4134 1408 4198 ego

326 4364 352 4432 1)
381 4361 512 4417 Conferas
539 4379 566 4430 p.
593 4366 658 4432 142,
682 4367 715 4415 27
745 4361 876 4430 quodque
907 4361 962 4415 hnc
994 4359 1065 4415 facit
1092 4358 1232 4414 scholium
1258 4361 1353 4429 vetus,
1381 4361 1410 4414 et

236 4468 263 4520 p.
279 4457 340 4520 me,
355 4457 396 4508 11.
824 4476 826 4481 >
1136 4449 1137 4453 ’

1159 4538 1194 4594 7*
