3366 5168
408 324 563 381 Aristonici
581 325 645 394 ascl
664 326 784 395 σημείων
802 331 852 379 τοῦ
868 321 999 380 Ἡσιόδου
1016 324 1183 395 fragmenta.
1316 325 1379 390 139

210 489 432 574 interpretatio
464 490 528 574 ipsi
556 489 752 554 attribuatur
778 485 1012 575 Aristarcho,1)
1041 487 1074 552 id
1101 489 1188 572 quod
1217 509 1314 553 unam
1338 487 1380 553 ob

210 619 339 661 causam
357 595 515 680 improbo,
534 596 621 680 quod
639 594 883 659 Mitscherlichii
905 594 1117 678 explicatione
1131 617 1150 659 a
1162 593 1381 678 Passovioque

210 703 328 768 collato
355 724 450 767 versu
473 728 491 768 τ
512 704 545 789 1,
568 724 681 767 sensus
708 705 815 767 rectus
838 701 976 766 efficitur
1000 701 1234 789 significatione
1261 701 1382 767 scilicet

210 810 383 874 verborum
405 809 531 895 vulgari
558 829 625 874 non
651 812 787 894 mutata,
815 831 919 892 neque
947 829 1006 893 ego
1029 802 1253 873 Aristarchum
1275 807 1382 872 minus

210 916 349 1001 peritum
376 915 571 980 crediderim.

300 1021 352 1087 Ad
374 1045 403 1087 v.
423 1021 486 1089 637
516 1022 663 1107 equidem
685 1045 814 1108 moneo,
841 1045 880 1087 ne
904 1023 1100 1108 attingamus
1122 1021 1229 1087 Procli
1253 1021 1382 1107 scheba,

210 1129 243 1192 id
271 1128 356 1212 quod
382 1129 460 1194 fecit
488 1128 638 1195 Flachius
661 1152 691 1214 p.
710 1129 790 1217 439,
816 1130 850 1194 in
878 1129 1011 1215 quibus,
1036 1128 1094 1193 ubi
1122 1151 1162 1194 ex
1187 1127 1380 1193 Plutarcheo

210 1236 438 1301 commentario
467 1236 619 1308 obscuras
650 1236 821 1301 memorias
852 1236 1108 1322 proscriptorum
1135 1256 1285 1299 versuum
1315 1256 1382 1299 non

210 1343 349 1428 invenis,
376 1346 462 1407 certo
491 1342 578 1407 aliud
605 1344 780 1428 quidquam
808 1344 852 1436 ad,
869 1341 1161 1408 Alexandrinorum
1185 1341 1290 1407 studia
1313 1364 1381 1426 per-

210 1449 316 1513 tinens
347 1470 387 1512 ne
416 1449 664 1534 exspectaveris,
697 1450 752 1514 sed
783 1450 818 1514 in
850 1446 1067 1514 Ohoerobosei
1099 1449 1221 1515 scholio
1254 1473 1283 1534 p.
1307 1449 1383 1535 363,

214 1555 254 1620 15
281 1555 413 1640 propria
439 1555 592 1640 leguntur
619 1555 796 1627 Aristonici
825 1556 923 1620 verba
951 1554 986 1621 ἐκ
1013 1560 1235 1641 παραλλήλου.
1267 1595 1304 1604 -
1330 1556 1383 1623 Ad

211 1686 239 1726 0.
259 1662 322 1726 641
348 1665 416 1726 erat
438 1662 568 1747 signum
590 1661 772 1727 Aristarchi
794 1666 925 1748 propter
947 1663 1140 1728 vocabulum
1162 1665 1260 1747 τύνη,
1282 1668 1319 1729 01
1342 1665 1383 1729 ad

211 1791 340 1834 versum
356 1768 419 1862 10,Ι
430 1773 462 1833 01
479 1764 655 1834 Aristonici
674 1769 783 1834 eadem
801 1769 981 1854 explicatio,
1000 1769 1056 1834 sed
1074 1770 1171 1834 huius
1189 1771 1236 1834 rei
1255 1771 1382 1835 nullum

213 1879 263 1941 est
285 1876 458 1962 vestigium
481 1879 640 1941 servatum
665 1876 700 1940 in
721 1876 842 1940 nostris
866 1874 1007 1962 scholiis,
1025 1897 1097 1940 cum
1115 1876 1196 1941 illud
1214 1900 1243 1960 p.
1255 1876 1329 1964 364,
1339 1877 1382 1943 30

213 1983 431 2067 conscriptum
445 1983 557 2048 ducam
573 2007 591 2048 e
605 1982 720 2048 Tzetaa
733 2004 873 2047 memore
888 1983 1028 2047 eiusdem
1041 1982 1156 2048 scholii
1167 1983 1383 2049 Choerobosci

212 2090 252 2154 ad
260 2112 288 2154 v.
297 2089 346 2154 10.
374 2087 413 2153 ln
427 2090 522 2174 pleno
537 2089 766 2155 commentario
782 2093 890 2154 tamen
904 2087 1120 2155 Ohoerobosci
1131 2111 1172 2154 ne
1181 2089 1243 2155 hoo
1253 2091 1383 2176 quidem

210 2197 281 2261 1000
301 2196 335 2260 id
350 2218 452 2281 genus
472 2197 636 2261 adnotatio
657 2197 774 2284 deerat,
793 2201 849 2261 aut
868 2196 1094 2283 relegabuntur
1108 2198 1164 2281 qui
1177 2198 1328 2283 legebant
1342 2199 1383 2262 ad

211 2304 317 2368 locum
334 2304 483 2388 priorem,
506 2304 540 2367 id
563 2304 648 2387 quod
667 2304 788 2368 factum
811 2326 880 2368 esse
903 2304 976 2368 aliis
994 2303 1075 2369 locis
1093 2304 1159 2369 iam
1177 2304 1323 2370 vidimus.
1342 2342 1379 2351 —

211 2409 351 2475 Versum
370 2410 435 2475 649
459 2409 614 2475 delevisse
632 2410 794 2475 videretur
812 2410 1020 2475 Aristarchus
1039 2415 1172 2495 propter
1190 2411 1382 2475 sententiam

215 2516 261 2580 ibi
285 2517 475 2602 expositam,
494 2517 521 2582 si
539 2514 716 2580 Aristonici
735 2517 958 2600 explicationis
977 2516 1071 2581 nobis
1090 2520 1176 2581 recte
1195 2523 1302 2582 essent
1320 2538 1382 2581 ser-

213 2625 288 2687 vata
306 2622 457 2709 vestigia:
476 2634 623 2708 σημεῖον,
643 2623 693 2687 ὅτι
714 2622 882 2688 discalcea
902 2622 920 2688 ὁ
940 2626 1050 2708 στίχος
1068 2618 1178 2700 οὗτος·
1202 2624 1305 2688 stabo
1318 2624 1381 2708 γὰρ

214 2724 299 2794 εἶναι
318 2730 454 2813 ἄπειρος
472 2732 653 2811 ναυτιλίας,
671 2740 739 2805 πῶς
754 2729 948 2794 ὑποτίθεται
963 2729 1080 2816 adver,
1101 2752 1197 2813 quarn
1211 2730 1245 2793 in
1260 2728 1381 2795 scholio

213 2855 271 2899 suo
293 2858 323 2918 p.
338 2834 421 2920 ‘dbis
428 2834 470 2899 13
489 2835 628 2899 servavit
646 2832 889 2900 Ohoeroboscus
903 2832 974 2922 (ubi
988 2835 1023 2899 in
1036 2836 1130 2900 initio
1144 2840 1293 2920 corrupte
1305 2836 1383 2921 legi-

213 2944 267 3006 tur
281 2951 472 3027 σημειοῦται
487 2941 505 3007 ὁ
520 2945 631 3027 στίχος
645 2936 742 3018 οὗτος
756 2941 838 3006 falso
852 2942 936 3006 inter
949 2964 983 3007 se
993 2942 1175 3008 commixtis
1186 2943 1322 3007 duorum
1331 2965 1383 3007 ex-

213 3051 397 3132 cerptorum
410 3048 530 3113 verbis:
550 3058 740 3133 σημειοῦται
754 3050 813 3114 τὸν
830 3052 943 3134 στίχον
960 3058 1081 3115 τοῦτον
1092 3047 1148 3135 (sc.
1158 3045 1382 3135 Ἀρίσταρχος)

214 3154 563 3240 01ἀθετεῑταιὸστίχος
571 3150 948 3242 odcog).Nectamenego
957 3155 1069 3220 dubito
1078 3156 1382 3221 affirmarehooloco

215 3260 312 3346 paulo
331 3262 491 3346 audacius,
511 3284 608 3346 quarn
625 3262 759 3347 solebat,
772 3282 1018 3347 progressurum
1032 3262 1132 3328 tuisse
1148 3261 1383 3349 Aristarchum,

214 3367 299 3432 hunc
314 3391 441 3433 versum
456 3369 482 3432 si
493 3368 676 3453 delevisset,
689 3391 764 3433 nam
780 3368 836 3453 qui
846 3369 1012 3452 sequentia
1022 3369 1110 3434 salva
1119 3391 1188 3435 0000
1200 3370 1304 3435 001011
1317 3368 1383 3457 (ne-

215 3495 276 3557 que
291 3474 464 3558 quidquam
480 3475 633 3539 contrarii
647 3474 742 3540 nobis
753 3475 908 3539 traditum
918 3473 994 3562 001),
1002 3476 1032 3540 01
1041 3475 1094 3540 hic
1102 3499 1214 3541 versus
1224 3477 1382 3562 imprimis

213 3580 388 3645 servandus
411 3585 490 3667 erat,
512 3601 576 3665 quo
595 3581 652 3645 illa
669 3581 794 3666 reliqua
811 3580 1044 3647 inducerentur.
1090 3580 1204 3667 Itaque
1221 3583 1304 3648 nihil
1321 3584 1383 3649 hoc

213 3686 285 3749 loco
313 3685 491 3751 Aristonici
519 3708 588 3752 esse
615 3688 773 3752 contendo
800 3688 865 3753 nisi
891 3689 1078 3753 memoriam
1102 3689 1187 3774 signi
1210 3689 1384 3776 cuiusdam,

214 3792 301 3875 quod
332 3791 373 3856 ad
404 3792 489 3857 hunc
515 3815 643 3858 versum
670 3795 734 3858 fuit
760 3795 953 3878 appositum.
1006 3791 1088 3858 Cum
1115 3797 1222 3858 autem
1250 3798 1382 3878 excepto

213 3897 275 3962 hoc
293 3919 358 3963 uno
376 3898 532 3964 vocabulo
547 3911 683 3985 σημεῖον
703 3900 810 3964 omnia
824 3899 887 3964 alia
899 3897 1077 3964 Aristonici
1091 3898 1254 3983 deperdita
1268 3905 1383 3985 essent,

212 4004 276 4068 fuit
294 4005 360 4092 qui,
378 4010 415 4069 ut
436 4006 565 4091 signum
584 4006 767 4091 explicaret,
785 4006 899 4090 ignota
916 4004 1042 4070 ratione
1055 4004 1238 4071 Aristarchi
1254 4006 1383 4070 adderet

213 4134 292 4198 eam,
315 4133 396 4196 quae
419 4112 448 4176 ei
471 4113 609 4177 maxime
631 4113 763 4198 propria
784 4109 990 4199 videbatufl).
1010 4150 1052 4159 -
1071 4112 1124 4177 Ad
1140 4135 1169 4178 0.
1191 4113 1256 4177 720
1274 4112 1383 4197 diplen

304 4273 329 4340 1)
348 4270 449 4326 Confer
463 4269 538 4325 enim
551 4270 614 4324 loeo
627 4269 720 4339 priore
735 4269 802 4340 ἔργα
816 4271 891 4342 βοῶν
905 4267 1083 4341 dedicere,
1102 4287 1158 4341 quo
1176 4270 1253 4325 facto
1272 4272 1382 4340 oporte-

213 4358 562 4430 10100οη0101100000000
581 4357 686 4428 optime
705 4365 886 4415 conservare?

304 4452 331 4519 2)
349 4448 392 4503 De
414 4446 540 4504 versibus
559 4453 713 4519 ccl-cca,
731 4446 869 4519 imprimis
888 4448 923 4503 dc
941 4463 1023 4503 versu
1042 4453 1104 4522 649,
1124 4447 1226 4521 confer,
1245 4462 1318 4516 quae
1337 4463 1383 4502 ex·
