3366 5168
445 339 597 395 Aristonici
615 340 680 407 περὶ
698 335 819 409 σημείων
836 346 885 392 τοῦ
901 336 1032 393 Ἡσιόδου
1050 338 1216 409 fragmenta.
1353 339 1416 401 125

245 502 385 567 deletum
415 525 483 568 esse
513 502 699 568 concludere
721 501 809 566 licet:
843 502 893 567 ὅτι
916 498 953 566 δὲ
975 502 1013 567 τὸ
1037 503 1214 587 προοίμιόν
1241 524 1328 590 τινες
1355 499 1419 566 διέ-

244 621 392 693 γραψαν,
433 611 542 695 ὥσπερ
585 611 681 675 ἄλλοι
724 633 760 674 τε
801 607 856 673 καὶ
895 605 1107 694 Ἀρίσταρχος
1147 607 1304 692 ὀβελίζων
1340 609 1419 683 τοὺς

245 719 378 801 στίχους
408 714 487 800 νιτὲ.,
517 738 598 801 quae
626 715 738 800 procul
768 714 866 779 dubio
894 737 911 778 e
937 713 1128 778 Plutarcheo
1152 712 1313 777 fluxerunt
1336 734 1418 777 com-

244 823 410 887 mentario.
458 820 562 906 Supra
589 825 697 886 autem
720 844 750 904 p.
771 820 834 885 109
858 820 996 884 vidimus
1022 819 1231 884 Plutarchum
1253 841 1418 903 nunquam

245 930 490 994 commentarios
517 930 606 1012 ipsos
636 927 927 992 Alexandrinorum
954 927 1086 1012 legisse,
1116 926 1214 990 immo
1246 925 1418 990 editionem

244 1039 434 1101 instructam
470 1035 600 1099 illorum
638 1034 756 1121 signis,
797 1055 878 1118 quac
913 1033 1075 1098 interdum
1110 1033 1193 1097 falso
1230 1033 1419 1115 interpreta-

244 1141 356 1227 batur,
377 1141 492 1206 Proclo
517 1145 624 1206 autem
646 1162 687 1205 ne
709 1140 791 1205 hanc
814 1140 988 1205 editionem
1011 1139 1140 1224 quidem
1163 1143 1292 1223 praesto
1310 1139 1417 1204 fuisse.

244 1246 305 1311 His
339 1247 367 1312 si
400 1248 558 1313 addideris
590 1269 693 1332 neque
724 1246 935 1311 Plutarchum
943 1244 968 1332 ¹)
999 1267 1103 1330 neque
1134 1245 1285 1310 Pr0clum
1317 1249 1418 1310 artem

245 1353 389 1418 criticam
418 1375 560 1440 curasse,
586 1353 680 1418 facile
708 1353 875 1437 utriusque
902 1352 998 1416 fidem
1025 1356 1056 1416 et
1084 1352 1309 1418 auctoritatem
1338 1353 1418 1416 satis

247 1482 315 1524 esse
351 1460 543 1525 diminutam
580 1459 741 1526 concedes.
797 1458 920 1536 Quibus
953 1460 993 1523 ab
1026 1460 1224 1544 argumentis
1255 1460 1418 1542 profectus

209 1570 215 1581 '
245 1587 327 1652 nego
355 1563 580 1631 Aristarchum
609 1567 702 1631 obelo
735 1567 898 1631 notavisse
920 1589 970 1631 vv.
996 1566 1121 1630 1-10.
1175 1565 1260 1630 Nam
1292 1569 1419 1631 constat

247 1672 285 1736 de
316 1671 454 1737 duobus'
473 1673 571 1737 huius
602 1672 761 1757 prooemii
793 1673 939 1736 versibus
971 1673 1075 1757 egisse
1103 1671 1351 1736 Alexandrinos:
1380 1671 1418 1735 de

246 1776 388 1863 Operum
410 1801 439 1842 v.
459 1780 480 1842 2
503 1801 543 1843 ex
562 1778 684 1844 scholio
703 1777 874 1843 Homerico
893 1784 926 1842 A
944 1779 975 1863 2,
997 1783 1030 1842 et
1049 1778 1087 1842 de
1106 1801 1134 1842 v.
1154 1776 1175 1841 5
1195 1800 1233 1842 ex
1251 1776 1419 1861 Apollonii

246 1884 381 1968 Dyscoli
409 1885 446 1950 de
474 1885 599 1949 adverb.
618 1908 648 1970 p.
667 1882 780 1971 562A,
803 1884 847 1972 (p.
870 1883 983 1969 1524
1006 1885 1286 1969 grammaticorum
1311 1881 1418 1949 Graec.

245 1989 396 2078 vol.I,1
422 1993 469 2057 ed.
494 1990 695 2079 Schneider),
726 1991 812 2076 quod
843 1991 957 2057 dubito
986 2014 1028 2056 an
1053 1991 1170 2056 facturi
1197 2013 1262 2056 non
1288 1990 1420 2075 fuerint,

247 2099 277 2162 si
300 2121 413 2163 versus
432 2097 734 2186 proscripsisseut.²)
779 2097 892 2183 Neque
911 2103 960 2164 est
978 2098 1158 2164 Aristarchi
1176 2103 1243 2163 tam
1262 2097 1419 2182 audacter,

246 2208 284 2268 ut
306 2208 436 2269 nostrae
459 2205 574 2270 aetatis
597 2206 701 2271 critici
724 2228 818 2290 saepe
842 2206 961 2290 solent,
985 2207 1127 2289 satisque
1150 2204 1264 2271 leviter
1287 2207 1419 2288 propter

246 2310 460 2394 Praxiphanis
488 2316 521 2377 et
548 2312 726 2377 Pausaniae
752 2313 940 2396 plumbeum
968 2313 1088 2377 librum
1116 2332 1310 2397 expungere,
1337 2333 1419 2395 quae

250 2417 371 2501 optime
390 2417 627 2504 muniebantur,
644 2441 717 2483 cum
735 2441 840 2506 causa,
858 2440 915 2483 cur
934 2441 953 2482 a
970 2418 1114 2483 Boeotiis
1128 2416 1304 2482 Heliconiis
1323 2416 1419 2481 deleti

247 2523 314 2587 sint
342 2545 470 2611 versus,
494 2524 598 2608 primo
621 2525 724 2607 ipsius
747 2526 902 2609 prooemii
925 2546 1020 2588 versu
1043 2523 1173 2588 eluceat.
1221 2523 1349 2588 Gaudeo
1368 2546 1419 2587 me

248 2629 311 2695 hac
328 2631 364 2694 iu
381 2653 415 2695 re
434 2631 614 2695 consentire
628 2652 701 2695 cum
715 2629 821 2695 Leone
839 2631 874 2694 in
887 2629 1054 2694 Hesiodeis
1068 2629 1182 2693 iudicis
1198 2627 1419 2715 Gottingensis

248 2737 323 2800 anni
351 2737 452 2823 1894,
479 2737 536 2820 qui
562 2740 670 2801 tamen
697 2737 787 2801 illam
815 2735 978 2801 audaciam
1005 2737 1045 2800 ab
1068 2734 1259 2800 Aristarcho
1282 2737 1419 2801 alienam

247 2864 315 2907 non
337 2847 452 2907 censet.
490 2841 552 2919 Qui
574 2843 657 2908 nihil
680 2843 768 2907 aliud
790 2842 869 2906 mihi
888 2842 1014 2907 videtur
1031 2843 1154 2927 fecisse,
1171 2842 1235 2907 nisi
1253 2847 1290 2907 ut
1309 2842 1420 2927 signa

249 2972 308 3014 sua
335 2949 503 3015 adnotaret
531 2954 628 3033 atque
652 2949 698 3036 id,
726 2950 790 3014 nisi
812 2949 921 3035 fallor,
949 2949 990 3014 ad
1011 2972 1039 3013 v.
1061 2950 1077 3012 1
1103 2953 1235 3034 propter
1257 2949 1291 3012 id
1312 2949 1419 3033 ipsum

247 3055 441 3120 vocabulum
460 3059 655 3145 Πιερίηθεν,
674 3057 725 3121 cui
745 3057 814 3120 sine
832 3056 930 3120 dubio
944 3077 1037 3121 casus
1055 3055 1189 3120 ablativi
1202 3056 1269 3120 vim
1287 3056 1419 3120 subesse

247 3166 391 3228 censeret
413 3161 503 3250 (nam
532 3162 623 3227 nullo
650 3162 745 3227 modo
773 3162 925 3247 adducor,
951 3166 988 3226 ut
1010 3160 1141 3250 {credam
1164 3163 1204 3227 ab
1227 3160 1418 3228 Aristarcho

155 3309 166 3332 .
248 3292 375 3354 quoque
397 3274 535 3335 Μοῦσαι
563 3274 749 3356 Πιερίηθεν
775 3274 940 3354 acceptum
967 3270 1067 3334 trisse
1093 3270 1128 3333 in
1151 3292 1279 3335 sensum
1302 3271 1419 3354 Αἰσχί-

247 3400 308 3459 νης
327 3375 558 3459 Ἀλωπεκῆθεν
580 3380 612 3440 et
635 3398 717 3460 quae
742 3381 818 3441 sunt
840 3377 903 3441 alia
928 3376 1085 3459 pedestris
1108 3380 1140 3440 et
1167 3376 1326 3442 iudicialis
1356 3399 1419 3441 ser-

248 3482 353 3547 monis
381 3479 542 3569 propria);
573 3481 685 3546 deiude
708 3483 749 3546 ad
775 3506 803 3547 v.
827 3484 848 3546 2
875 3487 1007 3567 propter
1034 3481 1210 3571 σφέτερον,
1238 3505 1301 3567 qua
1324 3484 1361 3548 de
1384 3505 1419 3547 re

248 3589 332 3652 infra
360 3589 421 3652 erit
450 3588 630 3674 dicendum,
660 3589 796 3675 denique
819 3590 859 3653 ad
881 3589 949 3653 ub
973 3594 1105 3674 propter
1128 3589 1187 3674 ῥέοι
1210 3594 1242 3655 et
1265 3590 1305 3653 ad
1327 3612 1355 3653 v.
1378 3589 1419 3652 10

247 3698 381 3778 propter
403 3694 555 3759 Doricam
577 3695 714 3760 formam
737 3696 938 3780 pronominis
961 3697 1055 3779 τύνη,
1077 3700 1114 3758 ut
1136 3696 1172 3759 in
1194 3699 1224 3759 T
1239 3695 1289 3758 10.
1336 3694 1419 3759 Tum

340 3923 366 3991 1)
385 3920 537 3976 Plutarcho
562 3921 592 3977 in
615 3923 771 3978 Aristarchi
789 3921 957 3977 lectionibus
976 3920 1127 3976 laudandis
1145 3920 1254 3975 nullam
1272 3922 1356 3976 fidem
1369 3921 1419 3976 tri-

247 4010 390 4065 buendam
415 4025 476 4064 esse
500 4010 537 4065 ad
560 4011 709 4068 Homerica
732 4010 856 4067 carmina
888 4013 1026 4080 quantum
1052 4010 1189 4080 pertinet,
1217 3997 1419 4064 demonstravit

248 4097 427 4154 Ludwichius
445 4098 533 4153 Arist.
551 4099 625 4154 hcm.
645 4100 758 4156 Textlrr.
772 4100 786 4154 I
799 4119 826 4171 p.
842 4106 874 4155 72
885 4118 925 4170 sq.

339 4189 366 4258 2)
384 4186 451 4241 Alia
478 4188 553 4242 enim
579 4189 718 4244 hocloco
741 4192 785 4243 cst
806 4189 880 4243 ratio
903 4191 989 4258 atquc
1012 4189 1042 4242 in
1063 4188 1178 4243 Homeri
1201 4186 1418 4256 carminibus,e

249 4277 350 4346 quibus
375 4278 487 4331 constat
509 4275 691 4346 Apollonium
713 4294 914 4345 nonnunquam
932 4277 1042 4347 aliquos
1061 4277 1097 4331 ab
1119 4276 1282 4331 Aristarcho
1299 4274 1419 4345 proscri-

247 4368 312 4436 ptos
330 4383 425 4421 versus
445 4365 619 4436 laudavisse3
638 4365 672 4420 cf.
692 4365 832 4421 Ludwich.
851 4366 938 4421 Arist.
957 4366 1060 4422 homer.
1080 4366 1193 4421 Textlrr.
1212 4365 1226 4418 Ι
1242 4383 1270 4434 p.
1286 4370 1332 4433 72,
1350 4366 1418 4435 not,

248 4454 275 4508 Π
291 4473 319 4524 p.
335 4460 386 4509 185
404 4456 462 4512 not.
