3342 5168
366 285 408 374 ilc
427 319 541 375 scholiis
560 336 594 374 cx
612 318 705 373 Procli
724 321 752 373 el
765 318 876 373 Veteris
896 321 1043 374 comment.
1064 317 1220 389 exscripiis.
1335 318 1376 383 41

209 483 307 569 ε’άσης
340 486 400 549 τὸν
433 482 535 548 παῖδά
568 499 630 548 σου
662 482 916 567 δωδεκαημερον
949 480 1002 547 ἐπὶ
1031 483 1141 567 τάφου
1167 480 1379 565 καθέζεσθαι,

209 589 279 656 ἐπεὶ
297 588 353 656 καὶ
375 590 459 675 ἀνὴρ
479 589 538 655 έδιν
556 584 577 675 ᾖ
595 589 784 673 βλάπτεται,
807 594 918 677 πολλῷ
939 594 1066 673 μᾶλλον
1089 589 1211 665 δπαϊς.
1246 590 1378 666 άλλως.

208 697 421 782 ἀγύμναστον
452 697 496 781 μὴ
527 695 625 782 έάσης
652 697 712 761 τὸν
739 696 842 761 παῖδά
870 712 932 760 σου
960 694 1024 760 ἀπὸ
1052 697 1180 761 δώδεκα
1208 696 1306 780 ἐτῶν,
1338 696 1379 761 ού

208 800 270 889 μὲν
297 798 376 869 οὐδὲ
400 803 644 887 δωδεκάμηνον.
691 802 774 867 ὅθεν
795 799 851 866 καὶ
872 800 1037 886 ἐπενοήθη
1060 804 1098 867 τὸ
1122 800 1173 868 ἀεὶ
1196 814 1302 868 κινεῖν
1324 801 1379 868 καὶ

208 911 362 976 σαλεύειν
389 911 429 974 τά
456 910 581 974 παιδία.
626 909 789 993 Excerptc
817 908 897 972 hacc
924 929 992 973 esse
1020 930 1059 972 cx
1087 908 1195 992 aliquo
1219 912 1381 996 contextu,

208 1020 399 1103 argumento
427 1019 503 1080 sunl
530 1015 582 1080 vel
608 1016 713 1099 prima
740 1016 852 1080 verba:
880 1015 1037 1080 vocabula
1060 1018 1195 1100 σχάλιον
1218 1019 1251 1080 ct
1273 1017 1381 1092 άλλως

207 1127 334 1188 tantum
359 1145 427 1187 non
453 1122 592 1187 clcmcnl
623 1122 794 1208 originem:
821 1122 1005 1186 coniunctio
1028 1121 1197 1206 ulriusquc
1220 1125 1380 1187 monstrcl

207 1231 307 1294 fuisse
330 1228 526 1294 scholiorum
544 1229 698 1314 syllogen.
735 1227 786 1293 Ad
805 1252 833 1294 v.
853 1228 919 1294 590
937 1226 981 1315 (p.
1001 1225 1082 1315 343)
1100 1229 1136 1292 in
1153 1228 1284 1293 scholiis
1302 1228 1380 1293 hacc

208 1340 284 1400 sunt
312 1336 372 1401 sub
396 1338 516 1412 άλλωςτ
548 1336 755 1421 ἀμολγαίη·
787 1334 862 1400 ἀντὶ
885 1344 945 1401 τοῦ
967 1338 1139 1421 κρατίστη,
1167 1334 1297 1419 άκμαία.
1342 1338 1380 1401 τὸ

208 1443 271 1528 γάρ
294 1442 441 1526 ἀμολγὸν
465 1439 517 1506 ἐπὶ
538 1452 599 1508 τοῦ
619 1441 760 1527 ἀκμαίου
779 1446 919 1507 τίθεται.
952 1439 1194 1524 Ἐρατοσθένης
1212 1437 1250 1505 δὲ
1267 1464 1381 1526 ποιμε-

208 1550 320 1632 νικην,
352 1551 601 1634 Καλλίστρατος
633 1545 670 1613 δὲ
699 1549 759 1613 τὸν
785 1549 888 1631 τύρον
916 1549 1035 1631 φησίν,
1067 1545 1087 1629 ἢ
1116 1547 1291 1632 ὀλλύραν
1318 1552 1377 1632 βε-

209 1653 430 1739 βρεγμένην
454 1656 631 1737 γάλακτι·
655 1655 738 1740 μάζα
761 1649 823 1719 ούν
846 1654 1009 1738 ἀμολγαίη
1033 1651 1171 1739 ἢτυρὸς
1189 1652 1209 1736 ἢ
1228 1655 1327 1740 άρτος
1345 1653 1381 1719 έκ

210 1761 370 1843 γάλακτος
385 1760 599 1845 ἐζυμώμενος.
628 1760 717 1825 Haec
730 1761 796 1825 fere
812 1761 919 1825 omnis
933 1764 965 1825 cl
980 1763 1072 1824 aucta
1087 1759 1216 1843 quidem
1229 1760 1381 1846 leguntur

209 1867 244 1929 in
270 1866 499 1952 Etymologico
525 1866 645 1953 Magno
674 1866 718 1955 (p.
742 1866 822 1953 573,
840 1865 911 1955 22):
942 1867 1054 1952 μάζα·
1087 1866 1107 1949 ἡ
1135 1870 1252 1953 τροφη.
1298 1869 1397 1933 ὅθεν.

209 1971 264 2038 καὶ
286 1974 454 2061 ύπερμαζᾷ
471 1977 509 2040 τὸ
528 1975 734 2062 ὑπερτρυφᾷ,
757 1981 902 2058 πλουτεῖ,
925 1983 1074 2061 στρηνιᾷ.
1107 1972 1274 2050 Ἡσίοδος·
1298 1974 1380 2057 μάζα

208 2078 237 2144 τ’
273 2079 448 2165 ἀμολγαίη·
487 2083 600 2167 ἀρτος,
636 2084 759 2166 ψωμός.
805 2082 868 2147 ἀπὸ
905 2091 965 2147 τοῦ
998 2081 1112 2166 μάσσω
1144 2082 1181 2145 τὸ
1214 2080 1380 2165 μαλάσσω,

100 2257 103 2261 ,
209 2189 334 2270 γίνεται
361 2197 466 2273 τροπῇ
494 2194 630 2274 Δωρικῇ
658 2199 726 2254 τῶν
754 2189 823 2254 δύω
850 2190 895 2254 σῖ
918 2190 965 2265 είς
993 2191 1020 2266 ζ
1050 2186 1182 2271 ἧπαρδι
1209 2188 1246 2252 τὸ
1270 2198 1320 2271 μῶ
1343 2188 1380 2251 τὸ

211 2296 292 2376 ζητῶ
320 2297 449 2376 γίνεται
476 2295 559 2378 μάζα
587 2295 608 2377 η
633 2293 813 2380 ζητουμένη
836 2298 954 2381 τροφή.
1000 2293 1128 2377 λέγεται
1152 2290 1190 2358 δὲ
1212 2293 1295 2378 μάζα
1318 2294 1382 2378 φύ-

210 2423 297 2484 ραμα
327 2402 506 2484 γινόμενον
532 2400 611 2467 ποτὲ
639 2398 700 2485 μὲν
727 2400 760 2480 ἐξ
787 2402 910 2478 ὕδατος
931 2396 1011 2466 ποτὲ
1037 2396 1074 2465 δὲ
1098 2399 1131 2478 ἐξ
1154 2398 1381 2486 δξυκράτουῆ

211 2503 403 2590 ὀξυμέλιτος
429 2507 451 2590 ἢ
479 2507 710 2593 ὑδρομέλιτος,
738 2510 806 2574 ἔστι
831 2509 894 2594 γάρ
918 2511 1090 2592 τρόφιμον.
1136 2506 1321 2590 ἀμολγαίην
1344 2501 1381 2570 δὲ

209 2610 358 2678 τουτέστι
381 2615 570 2697 κρατίστην,
594 2613 751 2698 ἀκμαίαν·
774 2616 812 2679 τὸ
835 2616 898 2700 γάρ
922 2614 1070 2698 ἀμολγὸν
1089 2610 1142 2677 ἐπὶ
1160 2620 1221 2677 τοῦ
1239 2611 1382 2696 ἀκμαίου

209 2721 348 2784 τίθεται.
390 2716 631 2804 Ἐρατοσθένης
658 2716 695 2785 δὲ
722 2722 927 2805 ποιμενικην.
973 2719 1043 2795 Quo
1070 2718 1123 2782 hic
1151 2722 1200 2782 est
1227 2739 1320 2803 usus,
1347 2718 1383 2781 in

210 2845 247 2888 co
284 2824 460 2908 exemplari
497 2825 693 2891 scholiorum
723 2848 842 2891 nomen
874 2823 1054 2892 Oallislrcti
1086 2824 1212 2909 aberat,
1249 2824 1382 2888 cdcrcnl

209 2931 304 3015 plura
333 2930 551 3016 grammclica.
598 2929 720 2997 Contra
743 2934 867 2998 auctori
889 2930 1125 3017 Elymologici,
1154 2929 1241 3014 quod
1263 2929 1382 2994 dicilur

209 3037 305 3123 μέγα,
333 3041 462 3122 praesto
486 3041 556 3102 crcl
578 3035 753 3122 exemplar,
781 3035 815 3100 in
843 3056 907 3120 quo
931 3034 1112 3101 Callistrcli
1140 3035 1269 3120 quidem
1292 3036 1382 3100 illius

209 3144 331 3209 menlio
354 3144 440 3208 facta
462 3147 523 3230 ειη
542 3142 597 3207 scd
618 3164 685 3207 non
707 3145 778 3206 tota
796 3138 865 3206 eius
885 3141 1045 3207 sententia
1063 3141 1223 3225 explicata
1243 3139 1382 3229 (ὀλλύρα

209 3250 411 3337 βεβρεγμένη
448 3250 583 3333 γάλακτι
621 3247 752 3313 omnino
786 3245 919 3335 excidit)
956 3252 987 3312 el
1023 3247 1216 3313 videbantur
1251 3248 1382 3333 insuper

210 3357 366 3441 quaedam
401 3356 543 3421 eiusdem
575 3353 756 3420 Callislrcti
792 3375 874 3441 csse,
912 3376 993 3438 quac
1029 3355 1202 3419 secundum
1238 3355 1382 3420 codicum

209 3462 444 3528 Hcsiodeorum
468 3462 627 3528 scholium
644 3461 748 3546 ipsius
767 3462 884 3525 veleris
902 3456 1088 3545 inlcrprclis
1107 3465 1191 3526 sunt.
1228 3461 1279 3526 lta
1297 3461 1381 3526 enim

210 3570 266 3634 illc
289 3592 327 3633 cx
350 3568 594 3634 Reitzensteinii
616 3569 766 3633 lectione:
792 3569 901 3653 μάζα·
925 3570 1036 3654 άρτος·
1061 3570 1209 3654 φύραμα·
1233 3570 1321 3655 παρὰ
1344 3570 1382 3634 τὸ

211 3675 326 3759 μάσσω
351 3673 426 3762 (om.
450 3673 495 3762 Α)
518 3676 606 3760 μάξω
630 3675 713 3760 μάζα
735 3684 840 3760 τροπῇ
863 3685 930 3740 τῶν
953 3675 1015 3739 δύο
1037 3676 1082 3740 ‘co
1106 3677 1154 3751 είς
1177 3661 1382 3762 ξΛωρικηῆ
1438 3750 1443 3755 ,

210 3782 299 3865 παρὰ
317 3783 354 3846 τὸ
373 3792 422 3865 μω
441 3783 479 3847 τὸ
499 3784 580 3864 ζητῶ
595 3785 721 3863 γίνεται
734 3781 817 3845 κατά
831 3781 1035 3863 παραγώγως
1049 3778 1147 3867 (leget
1165 3778 1382 3867 παραγωγὴν)

210 3889 298 3973 μάζα
327 3885 425 3974 (μάζα
447 3885 490 3975 Β)
519 3887 551 3965 ἐξ
579 3882 620 3953 οὗ
647 3885 702 3952 καὶ
729 3888 852 3972 μαστὸς
880 3884 921 3950 δν
948 3888 1101 3968 ζητοῦσιν
1128 3887 1164 3952 οί
1188 3887 1304 3963 παῖδες
1326 3884 1382 3951 καὶ

90 4007 91 4011 ’
210 3994 292 4079 μάζα
315 3994 335 4077 η
356 3992 536 4077 ζητουμένη
556 3996 672 4077 τροφή.
709 3992 876 4068 Ἡσίοδος·
901 3991 983 4076 μάζα
1006 3989 1035 4056 τ’
1057 3991 1219 4076 ἀμολγαίη
1243 3992 1327 4076 γάλα
1350 3989 1378 4057 τ’

210 4103 327 4183 αἰγῶν·
352 4100 538 4184 ἀμολγαίην
560 4103 739 4185 κρατίστην
757 4097 912 4182 ἀκμαίαν·
937 4096 1314 4185 (γάλα-ἀκμαίανοεο.
1328 4097 1382 4187 B),
1452 4174 1455 4179 Α

209 4209 246 4272 τὸ
279 4209 342 4291 γάρ
370 4207 519 4291 ἀμολγὸν
547 4203 599 4271 ἐπὶ
628 4216 688 4270 τοῦ
721 4205 863 4290 ἀκμαίου
892 4211 1029 4271 τίθεται.
1073 4203 1314 4291 Ἐρατοσθένης
1346 4202 1383 4272 δὲ

209 4315 416 4399 ποιμενικὴν,
437 4315 685 4399 Καλλίστρατος
703 4309 741 4377 δὲ
759 4314 818 4378 τὸν
837 4310 914 4399 (om.
928 4309 971 4401 B)
994 4315 1098 4399 τυρόν
1120 4328 1224 4397 φησιν
1241 4310 1262 4394 ἢ
1281 4314 1383 4399 άρτον

211 4420 248 4486 ἐν
275 4421 412 4503 γάλακτι
441 4419 664 4506 ἐζυμωμένον·
689 4420 795 4504 ,γάλα
817 4417 845 4485 τ’
873 4421 978 4504 αἰγῶν
1001 4418 1280 4506 σβεννυμενάωνίι
1308 4416 1382 4484 ἀντὶ
