3366 5168
573 355 685 412 Scholia
699 355 808 411 Veteris
826 356 997 427 Interpretis.
1325 357 1366 422 91

202 517 247 596 ῶς
264 529 311 583 νῶ
331 520 436 604 ναρὸν
455 525 501 585 λῶ
521 523 636 606 λαρόν,
654 525 848 607 πλεονασμῷ
867 529 928 585 τοῦ
949 523 966 586 ῐ
987 524 1113 606 λιαρόν.
1132 523 1169 586 τὸ
1189 517 1226 586 δὲ
1245 526 1369 605 Ληναι-

202 635 271 688 ῶνα
291 616 364 690 οἷον
383 622 484 709 ’μῆνα
503 622 540 690 δὲ
559 630 749 710 Ληναιῶνα,
772 621 842 691 κάκ’
869 624 996 714 (αακακ’
1020 625 1067 713 Α)
1086 628 1203 711 ἤματα,
1222 629 1369 714 βούδορα

201 731 320 815 πάντα,
340 731 345 815 Ι
364 740 485 798 τοῦτον
508 731 662 798 άλενάσει
686 730 884 819 (ἀλεύασθαι
903 730 958 820 Β),
980 731 1035 797 καὶ
1058 733 1227 816 πληγάδας
1249 731 1368 821 (παγά-

205 838 312 913 δαςΒ
342 838 476 923 reliquis
506 838 571 902 fere
600 839 749 903 omnibus
773 836 979 925 omissis)'ori
998 836 1029 905 τ’
1052 837 1104 905 ἐπὶ
1128 852 1227 922 γαῖαν
1247 841 1251 925 )
1271 842 1370 905 πνεύ-

202 959 322 1020 σαντος
336 943 465 1031 Βορέαο
485 944 680 1027 δυσεληγίες
697 943 898 1011 τελέθουσι’.
918 946 1185 1032 προτρεψάμενος
1204 946 1307 1011 αὐτὸν
1324 957 1369 1033 τῷ

167 1068 169 1074 ’
201 1060 337 1135 χειμῶνι
368 1049 563 1134 ἐργάζεσθαι
589 1063 794 1137 παραιτεῖται
822 1051 881 1116 ἕνα
908 1062 996 1136 μηνα
1023 1055 1082 1118 τὸν
1105 1057 1306 1137 ’μεσαίτατον
1333 1051 1370 1117 ἐν

203 1151 230 1244 pt
252 1160 357 1241 ψῦχός
381 1156 472 1222 ἐστιν
494 1155 548 1222 καὶ
572 1157 679 1222 πάντα
702 1159 859 1242 βούδορα.
886 1159 1033 1244 βούδορα
1058 1156 1098 1223 δέ
1119 1156 1209 1223 ἐστιν
1231 1159 1270 1222 τδι
1292 1161 1371 1234 τοὺς

202 1267 283 1347 βοῦς
306 1263 483 1349 ἐνδίροντα
507 1265 563 1328 διά
586 1265 623 1329 τὸ
646 1266 754 1350 κρύος.
791 1269 971 1348 Ληναιῶνα
990 1261 1027 1330 δὲ
1048 1266 1106 1330 τὸν
1125 1267 1208 1350 χυάχ
1231 1262 1277 1352 (7)
1296 1262 1368 1330 κατ’

202 1372 408 1453 Αἰγυπτίους
444 1373 658 1454 καλούμενον.
705 1374 863 1454 Ληναιῶν
900 1366 937 1435 δὲ
974 1370 1098 1454 ἐκλήθη
1137 1372 1193 1436 διὰ
1225 1373 1261 1436 τὸ
1293 1374 1371 1448 τοὺς

203 1480 324 1562 ύρνονς
354 1475 390 1541 ἐν
420 1477 516 1564 αὐτῷ.
532 1478 733 1561 είςνομίζειν.
767 1471 864 1554 οὗτος
898 1473 935 1541 δὲ
964 1477 981 1542 ὁ
1010 1477 1075 1561 μην
1110 1476 1192 1563 ἀρχὴ
1224 1474 1369 1565 μηνός(1)

203 1582 285 1648 ἐστι·
310 1585 345 1648 οἱ
366 1579 403 1648 δὲ
426 1583 606 1667 Ληναιῶνα
630 1600 744 1666 φασιν,
767 1582 880 1664 ἐπειδὴ
899 1585 1071 1649 Διονύσον
1095 1581 1212 1669 ἑορτὴν
1236 1582 1372 1648 ἐποίουν

204 1687 241 1753 ἐν
269 1698 314 1776 τῷ
345 1687 423 1773 μηνὶ
446 1690 564 1776 τούτῳ,
587 1686 671 1775 ivo)
696 1688 880 1775 ἀμβροσίαν
905 1688 1052 1755 ἐκάλουν.
1094 1690 1244 1771 πηγάδας
1272 1685 1309 1753 δὲ
1332 1690 1376 1752 τά

203 1794 291 1877 πάγη
306 1793 326 1877 ἢ
340 1795 399 1871 τὰς
412 1795 539 1879 πάχνας
553 1794 670 1871 αύτάς,
679 1793 842 1871 Ἡσίοδος.
878 1795 918 1859 In
931 1798 960 1859 Β
979 1799 1054 1878 post
1072 1795 1221 1883 παγάδας
1239 1795 1371 1880 legitur:

204 1903 273 1965 ἔστι
297 1897 334 1966 δὲ
358 1901 375 1966 ὁ
399 1904 591 1984 μεσαίτατος
613 1901 679 1985 μην
703 1899 739 1966 ἐν
763 1895 788 1989 ᾧ
812 1901 971 1987 θραύσας
994 1900 1030 1966 ἐκ
1052 1911 1113 1966 τοῦ
1134 1902 1262 1985 ψύχους
1285 1905 1372 1983 γίνε-

204 2004 307 2093 ται(1).
354 2005 508 2072 Conferas
532 2006 629 2071 etiam
647 2005 697 2070 Ps.
711 2005 870 2071 Zonaram
888 2030 918 2091 p.
940 2006 1025 2070 1303
1049 2006 1208 2091 addasque
1231 2007 1373 2071 eiusdem

203 2137 233 2197 p.
255 2111 340 2177 1546
366 2111 542 2200 (πηγάδας)
572 2118 603 2177 et
626 2136 656 2197 p.
679 2112 764 2178 1552
789 2111 927 2200 (πιλνᾷ).
973 2111 1055 2178 (ium
1080 2112 1206 2178 Zonara
1230 2113 1373 2179 indicant

203 2219 335 2304 fontem,
358 2219 424 2284 scii
449 2218 546 2284 schol.
566 2218 606 2284 ad
624 2218 699 2304 508,
724 2220 795 2304 ipso
814 2219 963 2284 lemmate
977 2219 1085 2303 Etym.
1100 2218 1208 2306 Magn.
1222 2244 1253 2305 p.
1266 2219 1372 2307 579,9

205 2330 236 2390 et
256 2324 335 2390 (tud.
354 2349 384 2410 p.
405 2326 479 2412 387,
499 2326 553 2390 19:
577 2326 732 2409 quaedam
751 2325 856 2390 Procli
880 2325 940 2390 sub
963 2327 1092 2391 nomine
1110 2326 1161 2391 rel
1179 2327 1214 2391 in
1231 2327 1373 2411 vulgatis

204 2431 323 2496 tradita
343 2436 418 2496 sunt
436 2455 466 2516 p.
481 2432 556 2518 311,
569 2433 617 2497 11.
649 2431 773 2507 Quibus
792 2432 870 2496 adde
888 2431 996 2516 Etym.
1010 2433 1117 2518 Magn.
1132 2454 1162 2516 p.
1182 2433 1257 2519 604,
1274 2432 1318 2497 50
1341 2437 1373 2497 et

121 2537 122 2540 ’
204 2537 288 2623 Flor.
308 2561 337 2622 p.
357 2538 420 2603 221
442 2536 613 2625 (νήριτος).
635 2577 673 2584 -
700 2536 752 2602 Ad
774 2560 802 2602 r.
821 2537 888 2601 512
910 2538 1000 2603 adest
1028 2538 1185 2604 scholium
1211 2538 1294 2603 falso
1322 2538 1373 2602 ad-

206 2644 361 2728 scriptum
383 2642 497 2708 Proclo
521 2667 550 2726 p.
570 2644 644 2729 312,
663 2644 786 2728 6-11,
808 2647 972 2728 praeterea
994 2643 1101 2728 Etym.
1120 2644 1227 2728 Magn.
1250 2667 1280 2728 p.
1299 2642 1374 2729 575,

208 2750 262 2834 12,
290 2747 371 2813 eud.
394 2771 424 2834 p.
445 2750 523 2836 383,
545 2750 599 2835 13,
626 2749 831 2834 Moschopuli
859 2750 966 2813 omnia
997 2772 1027 2834 p.
1047 2751 1126 2837 312,
1149 2750 1325 2834 27-313,
1346 2754 1375 2836 7,

207 2877 287 2941 quae
314 2856 386 2921 vide
413 2860 533 2940 quanto
561 2855 710 2920 differant
737 2857 777 2920 ab
801 2855 860 2940 eis,
884 2878 965 2938 quae
990 2856 1062 2939 ipse
1089 2855 1127 2920 de
1149 2878 1244 2920 versu
1266 2856 1375 2940 potuit

205 2961 435 3046 Moschopulus
461 2963 500 3027 de
530 2984 588 3027 suo
614 2963 689 3026 dare
714 2961 767 3050 (cf.
787 2986 817 3047 p.
837 2962 911 3047 313,
925 2960 992 3049 21).
1028 2962 1077 3027 De
1099 2987 1129 3047 p.
1149 2963 1223 3045 313,
1242 2962 1375 3027 31-34

205 3092 234 3134 v.
253 3091 350 3153 supra
373 3092 403 3153 p.
418 3069 469 3134 69.
499 3069 600 3134 Porro
624 3092 705 3154 quae
724 3070 762 3134 de
781 3091 857 3134 voce
875 3068 969 3154 μέζεα
988 3069 1165 3154 disputarit
1182 3067 1374 3133 Eustathius

206 3176 246 3241 ad
259 3174 348 3240 Iliad.
363 3200 393 3261 p.
408 3176 483 3263 234,
496 3177 539 3240 32
559 3180 591 3241 et
613 3177 688 3260 407,
709 3177 737 3261 1,
758 3198 826 3241 non
847 3180 983 3260 possunt
1001 3176 1059 3241 illa
1081 3176 1209 3260 quidem
1228 3179 1313 3239 certe
1335 3175 1375 3238 ad

206 3280 356 3346 Veterem
382 3283 506 3365 referri,
535 3283 590 3347 sed
612 3287 720 3348 manet
748 3283 897 3367 suspicio.
922 3320 963 3328 -
987 3280 1214 3347 Contaminata
1236 3284 1313 3346 sunt
1336 3281 1376 3345 ad

206 3410 235 3452 r.
253 3387 320 3452 524
343 3389 464 3454 scholia
481 3389 587 3454 Procli
602 3393 633 3453 et
646 3388 788 3453 Veteris:
810 3388 913 3453 nihilo
931 3388 1038 3453 minus
1058 3388 1264 3452 secluduntur
1282 3386 1375 3451 facile

207 3515 279 3559 oum
306 3495 517 3580 grammatica
544 3495 714 3579 explicatio
744 3495 831 3560 vocis
863 3494 971 3560 τένδει
1003 3517 1033 3579 p.
1052 3494 1117 3559 315
1126 3478 1272 3579 ‚tt-11
1292 3498 1377 3558 »tum

208 3604 371 3683 postrema
393 3599 450 3664 illa
472 3623 502 3684 p.
517 3600 592 3687 316,
611 3602 721 3685 3-9,
744 3601 779 3665 in
802 3601 918 3685 quibus
942 3599 1096 3666 Clitarchi
1119 3601 1176 3664 fiat
1197 3600 1319 3665 mentio
1344 3603 1376 3663 et

207 3704 399 3770 Aristoteles
417 3705 500 3771 falso
518 3706 675 3792 laudetur,
697 3707 731 3771 id
749 3708 835 3792 quod
852 3708 888 3771 in
905 3706 1082 3770 Proclianis
1100 3727 1167 3770 non
1185 3705 1375 3769 admiserim.

86 3850 89 3855 ·
208 3810 456 3894 Exscripserunt
482 3818 608 3897 praeter
631 3814 779 3878 Tzetzam
802 3804 834 3877 et
856 3810 1102 3894 Moschopulum
1129 3814 1275 3875 auctores
1298 3809 1377 3893 Ety-

208 3917 449 4004 mologicorum‚
472 3917 584 4004 Magni
601 3943 631 4003 p.
648 3920 721 4004 111,
736 3920 756 3984 6
775 3922 807 3983 et
825 3941 855 4002 p.
870 3916 944 4002 327,
959 3916 1012 4001 24,
1034 3913 1173 3980 Gudiani
1191 3939 1220 4000 p.
1238 3916 1310 3994 180,
1325 3917 1377 4001 29,

210 4023 388 4089 Florentini
410 4047 440 4108 p.
460 4022 503 4087 35
527 4022 720 4111 (ἀνόστεος).
759 4022 914 4088 Addenda
936 4024 1011 4086 sunt
1034 4020 1155 4086 scholia
1173 4020 1377 4086 Monacensis

210 4129 254 4218 (p.
268 4129 333 4194 595
352 4128 422 4217 Us.)
441 4131 477 4195 in
494 4130 659 4195 nonnuliis
673 4130 825 4215 pleniora.
857 4128 1073 4194 Eustathiana
1091 4132 1211 4214 contra,
1230 4128 1270 4193 ad
1286 4126 1376 4192 iliad.

208 4261 238 4323 p.
260 4237 333 4322 773,
352 4236 493 4322 32-40,
515 4236 678 4320 pertinent
710 4236 819 4321 potius
852 4236 892 4300 ad
923 4235 1109 4302 Homerum.
1153 4234 1222 4300 Nec
1253 4234 1377 4300 dubita-

208 4344 258 4408 bit
292 4343 463 4428 quisquam
492 4343 530 4407 de
557 4341 665 4426 Etym.
688 4342 795 4427 Magn
818 4364 848 4426 p.
868 4342 985 4427 261,1
1017 4345 1073 4406 aut
1105 4342 1144 4405 de
1174 4340 1377 4424 Moschopuii

210 4449 426 4535 grammaticis
448 4471 478 4534 p.
493 4449 569 4536 318,
583 4452 611 4517 8.
687 4530 688 4533 Ἴ
