3390 5178
445 357 487 410 De
506 355 627 426 Operum
646 342 771 409 versibus
791 355 827 408 ab
847 355 972 423 antiquis
990 354 1123 411 laudatis.
1307 356 1371 420 169

290 519 438 604 Origines
462 517 496 605 (l.
516 516 560 606 1.),
583 516 726 583 Achilles
745 517 857 582 Tatius
882 515 986 605 (1.1),
1009 517 1166 583 Stobaeus
1191 517 1279 606 (1.1.)
1303 541 1375 584 666-

203 627 348 692 sentiunt
371 626 410 690 de
428 649 456 690 v.
476 624 518 690 58
539 647 611 689 cum
629 625 722 688 libris
742 624 910 689 Hesiodeis
928 625 1049 708 pariter
1068 630 1164 709 atque
1183 626 1375 710 Apollonius

201 758 230 818 p.
253 734 323 798 112.
343 734 387 796 24
411 730 504 796 Schn.
529 730 576 820 (p.
597 731 660 795 125
670 730 729 818 Β),
764 732 819 816 661
851 733 1013 817 vituperat
1037 732 1215 798 Hesiodum
1244 739 1375 818 propter

202 863 296 904 usum
327 840 527 924 pronominis
562 837 626 923 ἑόν,
658 838 696 902 (16
729 861 792 923 666
824 861 858 903 re
890 821 962 903 vide
994 840 1091 904 etiam
1115 838 1376 905 Ohoeroboscum

202 970 231 1030 p.
252 947 303 1011 82.
324 946 375 1032 11,
402 946 456 1010 sed
483 968 559 1010 mox
588 946 658 1029 ipse
682 968 754 1010 eum
778 951 910 1010 excusat
933 947 1012 1011 satis
1036 952 1158 1033 argute,
1182 970 1246 1031 qua
1269 952 1376 1012 tamen
1446 1013 1448 1018 ,

202 1052 408 1118 excusatione
436 1075 517 1137 opus
540 1073 607 1117 non
630 1053 730 1117 fuisse
754 1052 986 1117 demonstravit
1006 1054 1126 1137 optime
1149 1054 1376 1140 Brugmannus

200 1159 369 1244 „Problem
397 1159 452 1224 der
478 1160 564 1224 hom.
589 1159 738 1224 Texthr.“
759 1183 787 1243 p.
809 1160 909 1244 2866.
963 1159 1013 1224 hd
1042 1161 1270 1225 illustrandum
1296 1161 1377 1226 illud

203 1265 385 1331 Susarionis
409 1269 512 1331 κακὸν
535 1278 690 1349 γυναῖκες
711 1265 775 1332 κτὲ.
795 1266 971 1331 scholiasta
993 1266 1250 1352 Aristophaneus
1277 1269 1377 1333 hemi-

204 1373 358 1438 stichium
380 1374 542 1457 posterius
565 1374 605 1438 ad
624 1373 758 1457 Lysistr.
780 1374 864 1438 1037
885 1372 980 1438 Dind.
999 1375 1152 1460 laudavit,
1170 1376 1318 1460 idemque
1337 1366 1377 1440 ad

203 1480 383 1545 orationem
425 1480 640 1546 exornandam
677 1479 927 1566 Olympiodorus
964 1482 1003 1545 ad
1038 1481 1185 1547 Platonis
1223 1481 1377 1568 Gorgiam

201 1611 231 1672 p.
253 1588 315 1652 198
345 1586 398 1652 fin.
423 1585 484 1674 (ed.
516 1587 654 1652 Jahnius
687 1587 809 1653 Archiv
841 1586 942 1674 XIV).
976 1626 1018 1635 —
1048 1589 1179 1655 Praeter
1211 1588 1377 1674 Originem
1422 1591 1424 1594 ’

202 1691 236 1779 (l.
261 1692 296 1780 1.)
328 1716 422 1758 nemo
455 1694 565 1759 laudat
597 1717 723 1759 versum
757 1693 815 1781 59,
852 1696 906 1758 sed
942 1696 1050 1760 firmat
1083 1718 1193 1760 vocem
1223 1696 1377 1779 ἐγέλασσε
1407 1767 1411 1775 ,

928 1782 935 1793 ι

202 1801 396 1865 Ε661615166
429 1800 535 1865 tribus
567 1802 648 1866 locis
677 1799 721 1888 (p.
746 1800 826 1887 656,
845 1802 901 1886 34,
935 1802 1030 1888 1330,
1051 1803 1083 1887 1,
1118 1802 1212 1888 1805,
1232 1801 1282 1889 8),
1305 1825 1377 1868 cum

203 1906 358 1992 Origenes
378 1911 490 1972 contra
509 1929 699 1973 consensum
718 1907 951 1972 Hesiodeornm
970 1908 1127 1973 librorum
1146 1909 1296 1974 exhibeat
1315 1908 1378 1975 ἐτέ-

202 2019 310 2098 λεσσε,
339 2036 435 2098 quam
462 2015 651 2079 varietatem
674 2016 728 2080 hic
757 2015 835 2079 satis
859 2014 962 2079 habeo
986 2018 1140 2079 annotare
1162 2017 1316 2081 iudicium
1340 2017 1378 2080 de

203 2143 240 2185 66
263 2125 377 2205 quarto
400 2121 498 2185 huius
521 2121 646 2186 dissert.
670 2122 774 2205 capite
796 2120 931 2186 laturus.
955 2160 998 2168 -
1021 2120 1160 2187 Versum
1179 2122 1223 2185 60
1245 2122 1378 2187 laudant

204 2227 354 2313 Origines
381 2226 474 2315 (11.)
507 2233 539 2292 61
568 2227 715 2293 Olemens
740 2227 977 2293 Alexandrinus
1006 2227 1158 2294 Stromat.
1181 2229 1213 2294 V
1231 2253 1261 2312 p.
1282 2230 1377 2294 108Ρ

201 2334 296 2399 Dind.
330 2333 477 2400 Olemens
497 2358 573 2401 vero
592 2336 678 2401 hunc
701 2340 734 2401 et
758 2341 944 2421 sequentem
967 2358 1040 2400 cum
1062 2337 1167 2421 prima
1190 2358 1268 2402 voce
1288 2337 1378 2401 tertii

203 2442 375 2525 exscripsit
393 2464 459 2506 non
478 2465 517 2506 ex
535 2443 608 2526 ipso
626 2446 731 2528 poeta,
754 2444 809 2507 sed
828 2466 866 2507 ex
884 2442 941 2506 illo
961 2447 1100 2526 auctore,
1123 2443 1174 2507 cui
1194 2444 1302 2508 omnia
1321 2466 1378 2507 sua

202 2548 298 2611 huius
321 2548 359 2611 de
381 2548 568 2612 hominibus
592 2571 609 2612 e
632 2549 701 2612 luto
724 2550 818 2613 factis
838 2549 1067 2632 disputationis
1087 2549 1196 2634 (16561,
1220 2572 1316 2633 quam
1335 2549 1377 2613 ob

202 2677 270 2718 rem
294 2654 362 2719 eius
386 2655 507 2719 variam
530 2655 700 2718 lectionem
723 2676 835 2719 versus
855 2654 897 2718 62
921 2653 976 2719 καὶ
999 2657 1080 2719 νόον
1104 2640 1236 2739 procat
1257 2654 1379 2732 σθένος

202 2783 269 2825 666
292 2783 379 2846 curu,
402 2783 474 2825 cum
492 2760 576 2824 nihil
592 2761 725 2848 liqueat,
742 2761 880 2825 fueritne
899 2761 964 2825 iarn
984 2761 1068 2845 apud
1087 2784 1158 2825 eum
1180 2761 1379 2847 scriptorem,

203 2868 380 2933 Hesiodum
409 2868 465 2953 qui
494 2867 676 2954 exscripsit,
705 2889 747 2931 an
773 2872 844 2932 turn
872 2868 1000 2933 demum
1026 2867 1112 2931 facta
1141 2868 1183 2931 sit
1206 2868 1240 2931 in
1263 2869 1379 2931 exscri-

203 2976 307 3039 bendo
331 2976 388 3040 illo
412 2978 542 3040 auctore
566 2997 585 3037 6
603 2972 774 3039 Clemente.
821 2975 866 3039 Et
888 2974 1023 3039 minoris
1043 2976 1140 3039 etiam
1158 2975 1309 3059 ponderis
1328 2980 1378 3039 est

203 3082 364 3147 Eusebius
392 3083 426 3146 in
453 3082 692 3166 Praeparation.
721 3081 861 3167 evangel.
885 3080 966 3146 XIII
986 3081 1028 3145 13
1047 3105 1076 3166 p.
1097 3082 1161 3145 613
1186 3080 1295 3167 Dina,
1323 3082 1379 3166 qui

204 3191 311 3254 omnia
349 3213 407 3254 666
446 3212 462 3253 6
495 3187 659 3254 Clemente
692 3187 905 3272 exscripserit.
961 3187 1144 3254 Scholiasta
1176 3188 1215 3253 ad
1246 3188 1377 3253 Pindari

202 3294 295 3360 Nem.
314 3295 361 3360 Vl
381 3297 398 3359 1
419 3293 480 3382 (ed.
500 3294 591 3360 Abel.
611 3295 643 3359 ΙΙ
664 3293 742 3382 114)
774 3296 885 3361 laudat
916 3296 1002 3360 hunc
1029 3300 1062 3361 et
1094 3296 1174 3362 duos
1208 3300 1378 3380 sequentes

203 3423 314 3466 versus
348 3401 483 3467 Hesiodi
513 3403 553 3467 ad
582 3402 810 3467 illustrandum
837 3402 917 3467 illud
945 3402 1075 3467 Pindari
1104 3404 1141 3468 ἓν
1169 3403 1314 3488 ἀνδρῶν,
1341 3403 1378 3467 ἓν

204 3514 297 3572 θεῶν
320 3506 425 3591 γένος,
450 3508 485 3573 ἐκ
507 3518 584 3591 μιᾶς
606 3506 680 3592 1(τὲ,
704 3509 761 3572 651
784 3508 909 3573 librarii
926 3509 1131 3595 neglegentia
1149 3532 1208 3594 pro
1230 3509 1378 3576 ἐκέλευσε

204 3619 253 3679 661
276 3617 441 3678 exaratum
460 3613 599 3701 ἐκέλευε,
622 3614 678 3698 661
697 3636 786 3679 error
804 3616 925 3699 passim
945 3617 1084 3680 occurrit
1102 3616 1248 3680 inlibris
1268 3638 1378 3681 manu-

205 3719 342 3805 scriptis.

292 3825 415 3891 Versus
434 3827 475 3890 61
499 3826 649 3892 laudatur
672 3828 713 3892 ab
737 3827 869 3912 Origine
890 3827 924 3914 (l.
943 3825 988 3914 1.),
1012 3828 1186 3892 scholiasta
1208 3827 1377 3892 Pindarico

204 3931 303 4021 (1.1),
326 3932 467 3998 Lucieno
490 3934 524 3997 in
546 3934 709 4000 Prometh.
733 3935 779 3999 ed.
802 3934 965 3999 Fritzsche
983 3933 1032 3998 ΠΙ
1052 3935 1069 3997 1
1090 3957 1119 4018 p.
1137 3934 1214 4020 132,
1246 3938 1377 4018 propter

203 4038 617 4126 6665661166161666616,
634 4042 673 4105 de
688 4064 751 4125 qua
765 4032 803 4105 cl.
819 4038 1035 4105 Ohoerobosei
1051 4040 1208 4105 scholium
1223 4064 1251 4123 p.
1264 4040 1315 4124 86,
1325 4041 1378 4124 26,

203 4147 414 4211 laudaverunt
442 4169 570 4212 versum
599 4146 843 4212 Ohoeroboscus
871 4147 917 4212 ed.
946 4147 1033 4232 Hilg.
1058 4171 1087 4231 p.
1108 4146 1173 4211 352
1202 4151 1234 4211 61
1266 4151 1378 4211 auctor

204 4253 311 4336 Etym.
340 4252 452 4339 Magni
479 4277 508 4338 p.
529 4253 602 4318 549.
623 4253 679 4339 53,
712 4276 793 4338 6666
819 4255 934 4319 ‘omnia
965 4254 1115 4318 videntur
1146 4255 1306 4337 exscripta
1338 4276 1377 4316 ex

205 4358 335 4422 scholiis
350 4359 530 4425 Homericis
549 4361 600 4425 vel
619 4384 656 4425 ex
676 4360 860 4426 Herodiano
880 4359 1048 4448 (6156616
1067 4361 1185 4426 Herod.
1200 4359 1233 4425 ΙΙ
1247 4383 1276 4444 p.
1287 4357 1376 4446 211).

204 4462 351 4548 Denique
374 4464 558 4552 Stephanus
581 4467 691 4532 rhetor
713 4467 785 4532 loco
804 4468 936 4532 minime
953 4467 1068 4533 idoneo
1087 4467 1171 4552 apud
1190 4465 1377 4532 Orarnerum
