3390 5178
452 368 499 427 ,De
519 366 640 436 Operum
658 366 785 422 versibus
805 367 841 420 ab
860 366 985 436 antiquis
1002 367 1134 422 laudatis.
1321 367 1385 439 207

211 530 338 594 librarii
364 552 423 614 pro
446 532 548 608 κῦδος
571 531 611 595 ab
636 530 785 597 omnibus
807 531 971 594 firmatum
993 531 1249 615 irrepsitmidoc
1275 531 1389 595 calami

213 659 320 701 errore
343 640 376 701 et
399 638 567 702 iotacismo
590 642 711 701 natum.

301 743 424 808 Versus
448 744 625 808 317-320
647 743 793 809 laudavit
812 744 971 810 Stobaeus
995 744 1031 808 iu
1053 744 1157 828 capite
1181 741 1256 828 περὶ
1275 748 1389 827 φιλίας
1474 808 1485 827 ,

212 849 321 914 XXIX
339 850 361 913 4
384 848 428 935 (p.
448 851 511 916 627
528 848 593 937 Η.),
617 873 717 915 unum
741 851 806 917 318
831 851 866 915 in
890 852 993 935 capite
1016 849 1092 937 περὶ
1111 852 1228 927 αἰδοῦς
1245 848 1389 914 ΧΧΧΙ4

212 954 256 1043 (p.
277 958 342 1022 670
356 955 428 1043 Η.),
454 957 528 1021 inde
557 958 735 1040 exscriptus
759 962 807 1022 est
829 961 943 1042 postea
966 956 1123 1021 mantissa
1145 956 1389 1040 proverbiorum

211 1061 260 1127 III
279 1062 322 1127 45
350 1063 385 1126 in
411 1062 556 1128 Paroem.
585 1085 632 1149 gr.
661 1063 841 1150 Leutschii3
873 1086 998 1129 versum
1028 1062 1093 1127 320
1121 1064 1156 1127 ln
1182 1063 1287 1147 capite
1314 1062 1389 1148 περὶ

207 1171 342 1260 Ιοἰδικίονς
369 1171 399 1235 X
425 1171 467 1234 10
493 1193 524 1254 p.
546 1170 612 1236 410
626 1170 667 1234 Η.
693 1169 763 1258 (ubi
787 1172 985 1254 optimorum
1006 1170 1165 1234 librorum
1188 1170 1292 1235 maior
1314 1193 1389 1253 pars

211 1283 356 1360 πολλῶν,
389 1277 476 1362 quod
505 1299 615 1342 versus
643 1299 711 1342 non
738 1277 895 1363 admittit,
926 1278 1032 1342 minor
1059 1298 1134 1361 pars
1163 1277 1282 1340 rectius
1310 1283 1390 1341 πολ-

212 1382 296 1471 λὸν).
337 1382 460 1448 Versus
480 1384 544 1448 317
569 1387 601 1448 et
625 1385 690 1450 318
714 1384 853 1449 vidimus
876 1407 974 1468 supra
991 1407 1022 1468 p.
1040 1384 1113 1469 103,
1134 1383 1197 1447 109
1217 1381 1271 1471 (cf.
1290 1383 1389 1447 schol.

213 1515 233 1577 ρ
252 1489 333 1575 347)
352 1490 562 1555 Plutarchum
585 1513 681 1575 quam
704 1492 842 1556 maxime
866 1495 1025 1555 errantem
1051 1491 1179 1555 duxisse
1198 1513 1237 1554 ex
1255 1489 1389 1554 Homeri

213 1596 407 1662 carminibus
431 1595 465 1685 (p
484 1597 559 1682 347,
583 1601 616 1662 Ω
634 1596 693 1685 45)
723 1620 792 1663 esse
820 1598 1007 1683 translatos,
1034 1598 1119 1661 idem
1147 1596 1210 1660 sibi
1238 1599 1403 1660 constans-

213 1704 251 1768 de
279 1705 334 1768 vit.
362 1705 437 1788 pud.
464 1727 495 1787 p.
519 1704 618 1768 529ο
643 1703 691 1768 ΠΙ
715 1705 781 1768 370
796 1704 831 1769 B.
864 1727 991 1769 versum
1019 1705 1082 1770 317
1115 1708 1152 1767 ut
1179 1703 1388 1768 Homericum

212 1811 331 1875 laudat.
377 1810 526 1875 Eundem
548 1833 675 1875 versum
698 1833 810 1875 rursus
834 1812 976 1875 vindieat
998 1810 1143 1875 Hesiodo
1167 1807 1281 1874 Suidas
1299 1807 1331 1872 lb
1348 1810 1388 1873 19

213 1919 315 1994 αἰδώς
338 1917 384 2001 Β,
412 1939 477 2002 quo
500 1917 572 1982 loco
595 1918 700 2002 prima
723 1919 820 1982 verba
843 1921 919 1982 sunt
942 1916 1141 1981 Artemidori
1165 1913 1195 2002 (Ι
1214 1914 1281 2003 47).
1319 1913 1389 1979 Sto-

213 2025 311 2090 baeus
339 2025 390 2090 vel
413 2025 558 2089 ordinem
581 2047 745 2109 versuum,
774 2025 830 2109 qui
853 2028 903 2088 est
925 2024 960 2088 in
982 2024 1075 2087 libris
1097 2022 1268 2087 Hesiodeis
1291 2020 1388 2086 AOD

213 2131 308 2196 Mess.
340 2132 493 2216 traditus,
525 2132 707 2216 confirmat,
740 2132 797 2214 qni
827 2130 992 2215 displicuit
1018 2129 1243 2213 Peppmiillero
1271 2128 1388 2193 Philol.

212 2236 385 2303 XXXVIII
408 2262 438 2322 p.
459 2239 522 2303 317
547 2243 580 2303 et
603 2238 753 2303 Rzachio.
797 2237 859 2303 Sed
882 2238 920 2302 de
944 2238 1000 2323 eis,
1023 2237 1079 2320 qui
1102 2236 1166 2300 iam
1189 2237 1389 2301 emendan-

213 2346 271 2410 dis
303 2349 418 2429 poetae
447 2346 592 2411 versibus
620 2368 750 2430 operam
777 2349 951 2429 naverunt,
981 2365 1049 2407 non
1076 2346 1125 2407 est
1152 2348 1300 2408 nostrum
1327 2344 1389 2409 hoc

214 2451 285 2516 loco
310 2452 482 2536 disputare.
503 2451 613 2516 —De
635 2473 730 2516 versu
754 2451 819 2515 319
843 2455 892 2515 est
915 2450 1082 2514 concentio
1105 2450 1191 2513 inter
1214 2449 1389 2515 Stobaeum

214 2562 246 2621 et
274 2556 452 2622 Hesiodeos
484 2558 595 2622 libros.
640 2556 809 2621 Praeterea
840 2579 970 2621 versum
1001 2555 1223 2640 indagavimus
1250 2557 1285 2620 in
1312 2577 1389 2641 gno·

213 2663 355 2748 mologia
372 2663 519 2729 Parisina
543 2663 630 2747 apud
646 2662 835 2728 Boissonad.
854 2661 972 2726 Anecd.
992 2659 1069 2746 gul
1087 2684 1118 2744 p.
1135 2660 1208 2748 115,
1228 2663 1268 2726 16
1293 2666 1389 2747 atque

214 2769 260 2833 ibi
283 2792 355 2834 cum
377 2769 503 2834 librarii
525 2769 650 2834 mendis
672 2768 856 2853 permultis:
886 2772 942 2833 τοί
962 2773 1012 2833 est
1035 2767 1201 2854 omissum,
1228 2768 1389 2853 ἀνολβίην

213 2881 246 2941 et
278 2880 381 2961 ὄλβον
413 2881 587 2941 exaratum.
636 2875 750 2960 Neque
783 2876 922 2942 confisus
955 2875 998 2939 sis
1030 2874 1216 2939 testimonio
1248 2875 1389 2940 auctoris

213 2983 503 3067 Epimerismorum
524 2983 769 3049 Homericorum
793 2972 884 3068 apud⁸
900 2980 1039 3047 Cramer.
1062 2980 1124 3046 An.
1148 2980 1206 3045 Ox.
1224 2979 1241 3044 I
1262 2982 1336 3067 118,
1359 2982 1388 3066 3,

214 3091 270 3175 qui
299 3091 346 3155 ita
376 3113 505 3174 pessum
531 3090 618 3155 dedit
648 3091 809 3175 posterius
836 3089 1076 3154 hemistichium
1103 3111 1214 3154 versus
1242 3088 1321 3173 320,
1351 3092 1388 3152 ut

213 3218 312 3281 paene
327 3198 477 3283 cognosci
490 3219 557 3262 non
570 3199 688 3281 possit:
707 3200 888 3274 θεόοὸονος
901 3203 1034 3263 πολλῶν
1048 3196 1202 3282 ἀμείνων.
1213 3233 1255 3241 -
1265 3194 1388 3260 Versus

214 3302 279 3367 325
311 3304 351 3368 ab
384 3309 514 3369 auctore
544 3304 834 3389 Epimerismorum
860 3303 1107 3368 Homericorum
1135 3303 1221 3386 apud
1248 3301 1387 3368 Cramer.

215 3409 331 3474 Anccd.
351 3408 453 3475 Onon.
467 3409 483 3473 I
497 3410 572 3495 264,
587 3411 630 3474 32
654 3416 686 3475 et
703 3411 871 3474 Pindarico
896 3410 1069 3475 scholiasta
1093 3409 1134 3473 ad
1151 3407 1265 3474 Isthm.
1279 3407 1329 3473 ΠΙ
1345 3410 1385 3474 81

214 3538 243 3598 p.
262 3514 326 3578 417
343 3514 403 3578 Ab.
430 3516 581 3591 laudatur
609 3516 649 3580 ad
676 3515 898 3600 explicandum
925 3516 1117 3581 vocabulum
1140 3525 1321 3603 μαυροῦσι,
1350 3517 1389 3580 de

215 3643 278 3705 qua
305 3621 410 3685 forma
437 3622 534 3685 etiam
563 3620 823 3686 Ohoeroboscum
851 3623 886 3686 in
914 3623 1045 3687 scholiis
1072 3621 1144 3686 fuse
1170 3623 1388 3706 disputantem

214 3750 312 3811 supra
343 3751 372 3811 p.
397 3728 437 3792 87
471 3728 619 3793 vidimus.
665 3727 850 3792 Herodiano
883 3729 1028 3792 restitnit
1060 3749 1118 3791 suo
1150 3727 1220 3791 iure
1251 3729 1387 3792 Lenzius

213 3833 292 3898 haec
319 3831 409 3919 (Her.
432 3833 535 3899 techn.
559 3834 615 3898 rel.
633 3833 650 3898 I
671 3857 702 3918 p.
724 3834 797 3919 180,
816 3832 887 3922 20),
922 3833 977 3897 sed
1004 3855 1128 3917 semper
1154 3832 1188 3896 id
1215 3833 1388 3898 tenendum

213 3944 271 4026 est,
295 3939 535 4006 Chenoboscum
559 3945 591 4006 et
614 3945 737 4005 ceteros
762 3944 923 4024 auctores,
952 3939 1037 4023 apud
1061 3960 1142 4022 quos
1166 3939 1244 4003 talia
1267 3940 1387 4004 inveni·

214 4051 326 4133 untur,
353 4047 531 4112 Herodiani
558 4048 734 4114 sententias
762 4047 898 4133 tradere,
924 4069 991 4111 uon
1018 4046 1116 4111 verba
1138 4047 1208 4129 ipsa
1231 4047 1295 4111 nisi
1317 4069 1387 4131 per·

214 4176 296 4218 raro.
346 4153 461 4237 Itaque
492 4176 557 4218 non
589 4155 666 4220 licet
698 4154 885 4219 testimonia
915 4153 989 4217 inde
1021 4156 1130 4236 petere
1161 4152 1202 4217 ad
1233 4153 1387 4221 lectiones

213 4260 358 4325 codicum
384 4260 557 4325 firmandas
585 4265 642 4325 aut
669 4260 873 4345 refellendas,
900 4260 965 4324 nisi
992 4259 1049 4324 ubi
1071 4259 1190 4333 diserte
1213 4260 1251 4324 de
1272 4260 1386 4325 formis

214 4366 409 4453 disputatur,
432 4371 469 4432 nt
492 4389 543 4431 res
568 4368 612 4431 sit
633 4368 810 4451 perspicua.
847 4365 981 4431 Accedit
1003 4367 1149 4452 alterum,
1173 4366 1258 4450 quod
1282 4387 1387 4450 saepe-

213 4494 346 4536 numero
374 4474 409 4537 in
437 4473 654 4538 exscribendis
678 4474 871 4560 auctoribus
885 4495 953 4539 nou
976 4496 1013 4538 ea
1036 4477 1086 4537 est
1109 4473 1277 4559 diligentia
1300 4473 1386 4537 adhi-
