3390 5178
475 394 517 448 De
536 393 657 464 Operum
676 394 803 448 versibus
822 394 858 447 ab
879 393 1002 461 antiquis
1021 394 1152 449 laudatis.
1342 397 1403 460 181

229 555 491 623 Vindobonensis
510 581 539 642 p.
558 557 599 622 15
613 557 653 622 N.
673 558 713 621 ad
731 558 1003 642 comprobandum
1022 579 1116 622 usum
1130 559 1220 622 verbi
1234 559 1404 645 ἀμπέχειν,

229 686 339 730 versus
372 665 545 730 135-139
568 665 768 749 Porphyrius
799 665 837 729 de
867 664 983 730 abstin.
1008 662 1083 728 118
1108 662 1152 751 (p.
1174 666 1237 728 139
1247 664 1318 752 Ν.),
1348 667 1404 750 qui

230 771 357 836 dubites
390 795 431 836 an
460 772 638 836 laudaverit
670 794 725 836 eos
748 771 881 836 Hesiodi
911 771 994 835 libro
1025 793 1091 835 non
1120 772 1275 856 inspecto.
1319 772 1405 839 Nam

229 883 456 944 commemorat
485 900 596 943 versus
626 882 663 942 ut
690 878 879 943 notissimos
902 899 969 942 non
1000 877 1108 942 addito
1138 878 1268 942 nomine
1291 883 1405 962 poetae

228 989 327 1069 atque
351 985 428 1050 adeo
451 1008 517 1049 non
545 985 706 1049 consentit
729 1007 801 1049 cum
828 989 920 1049 textu
943 984 1118 1072 Ηοε1οάοο,
1141 989 1178 1049 ut
1200 1007 1311 1050 versus
1336 987 1403 1051 eius

227 1092 279 1156 vel
300 1091 427 1178 legibus
455 1092 599 1157 metricis
629 1096 816 1177 repugnent.
863 1091 925 1158 Sed
953 1092 1090 1156 fortasse
1123 1091 1329 1176 aliquomodo
1354 1116 1404 1157 ex-

228 1198 405 1282 pediuntur
436 1199 657 1286 difficultates,
691 1200 718 1263 si
750 1200 845 1264 modo
877 1220 978 1283 pauca
1006 1199 1074 1263 cius
1102 1200 1213 1286 verba,
1245 1222 1327 1284 quae
1354 1200 1405 1264 sd-

226 1305 289 1370 huc
311 1305 347 1369 in
368 1306 514 1371 versibus
542 1307 745 1392 legebantur,
776 1307 984 1371 attribuimus
1017 1328 1131 1390 prosae
1155 1306 1294 1370 orationi
1317 1306 1403 1371 hunc

227 1412 262 1475 in
283 1411 428 1477 modum:
470 1414 523 1479 διὸ
550 1417 640 1491 Θῶες
662 1411 723 1498 μὲν
746 1415 782 1479 ol
803 1412 839 1478 έν
862 1417 1034 1498 μεθορίοις
1059 1414 1189 1500 Θρᾴκης
1213 1414 1404 1495 οἰκήσαντες

227 1519 369 1602 μηδενὸς
392 1518 616 1605 ἀπαρχόμενοι
645 1517 729 1604 μηδὲ
758 1522 913 1605 θύοντες,
943 1519 1148 1605 ἀνάρπαστοι
1178 1517 1248 1584 κατ’
1275 1518 1403 1585 ἐκεῖνον

228 1623 381 1707 ἐγένοντο
411 1627 471 1691 τὸν
501 1629 625 1712 χρόνον
655 1626 688 1705 ἐξ
712 1627 915 1712 ἀνθρώπων,
944 1627 999 1691 καὶ
1023 1628 1099 1692 ούτε
1128 1630 1207 1704 τοὺς
1229 1628 1403 1704 οίκούντας

227 1732 303 1795 ούτε
326 1732 388 1814 τὴν
410 1735 510 1798 πόλιν
533 1734 610 1798 ούτε
632 1735 692 1798 τὸν
714 1744 782 1798 τῶν
805 1736 966 1817 οἰκήσεων
988 1733 1147 1818 θεμέλιον
1171 1731 1328 1818 ἐξαίφνης
1347 1735 1403 1797 οὐ-

227 1836 296 1914 δεὶς
310 1839 421 1924 εὑρεῖν
437 1838 588 1905 ἐδύνατο·
606 1840 741 1927 ,ὕβριν
755 1840 827 1926 χάρ
842 1838 1088 1906 ἀτάσθαλον(
1103 1839 1171 1904 οὐκ
1187 1838 1403 1905 ἐθέλεσκον

227 1950 363 2028 ίσχειν,
386 1941 519 2031 (quibus
542 1945 649 2009 verbis
673 1950 800 2010 constat
824 1946 857 2009 in
882 1946 1022 2010 editione
1038 1944 1179 2011 Nauckii
1197 1946 1272 2010 finis
1290 1968 1402 2011 versus

228 2050 292 2114 134
314 2050 507 2134 initiumque
530 2073 642 2115 versus
667 2049 745 2138 136)

797 2155 871 2222 οὐδ’
897 2158 1088 2235 ἀθανάτους
1110 2160 1312 2246 θεραπεύειν

357 2265 494 2348 ἤθελον,
518 2262 590 2330 οὐδ’
618 2267 728 2350 ἔρδειν
751 2266 908 2350 μακάρων
932 2266 1033 2351 ίεροῖς
1058 2263 1110 2331 ἐπὶ
1133 2270 1266 2353 βωμοῖς,

357 2371 378 2454 ἣ
400 2370 499 2456 θέμις
521 2371 704 2449 ἀθανάτοις

225 2497 340 2580 τοιχάρ
364 2490 426 2561 οὖν
449 2495 572 2572 αύτούς

360 2621 444 2696 Ζεὺς
467 2620 636 2703 Κρονίδης
658 2622 782 2705 έκρυψε
804 2621 1016 2704 χολούμενος,
1039 2619 1160 2684 οὕνεκα
1183 2620 1277 2703 τιμάς

358 2726 419 2791 οὐκ
444 2724 580 2790 ἐδίδουν
602 2727 804 2810 μακάρεσσιν

225 2849 299 2915 οὐδ’
324 2849 511 2935 ἀπήρχοντο
534 2851 675 2933 τούτοις,
697 2850 848 2937 καθάπερ
872 2845 915 2933 ἦν
939 2850 1078 2913 δίκαιον.

313 2990 381 3056 lam
403 2991 534 3077 unum1)
558 2997 668 3078 restat,
691 2993 725 3057 in
745 3016 808 3078 quo
832 3015 897 3057 non
918 2995 1076 3076 congruet
1093 2989 1266 3074 Porphyrii
1290 2992 1399 3054 textus

223 3121 294 3164 oum
323 3099 429 3163 libris:
457 3099 640 3178 ἀθανάτοις
667 3122 726 3183 pro
755 3100 963 3185 ἀνθρώποις,
989 3098 1076 3182 quod
1101 3097 1163 3161 etsi
1186 3119 1242 3181 per
1266 3119 1299 3160 se
1324 3119 1399 3160 sane

223 3211 332 3291 potest
356 3211 455 3290 stare,
486 3211 596 3271 tamen
624 3207 759 3272 missum
782 3207 874 3271 facio.
920 3205 1005 3270 Nam
1033 3227 1222 3289 persuasum
1246 3207 1296 3268 est
1318 3203 1399 3268 mihi

223 3314 439 3399 Porphyrium
475 3335 600 3399 versus,
640 3336 721 3398 quos
758 3336 824 3378 non
859 3315 939 3378 bene
976 3312 1130 3377 memoria
1161 3311 1306 3398 tenebar,
1342 3311 1398 3374 im-

223 3420 390 3484 miscuisse
409 3420 516 3486 verbis
536 3419 611 3484 suis.
627 3458 669 3466 —
687 3419 808 3485 Contra
826 3420 915 3484 varia
933 3420 1029 3484 lectio
1049 3418 1209 3502 reperitur
1227 3419 1262 3483 in
1280 3439 1308 3481 v.
1326 3418 1399 3503 141,

223 3527 280 3590 ubi
306 3526 499 3609 interpretes
529 3526 683 3609 exscripti
711 3548 730 3588 a
760 3526 875 3590 Proclo
905 3530 937 3591 et
967 3525 1191 3591 Choerobosco
1223 3523 1275 3611 (ef.
1302 3546 1399 3609 supra

222 3632 405 3718 pp.61,83,
421 3631 509 3719 131),
526 3655 585 3715 pro
604 3631 748 3717 μάκαρες
766 3638 905 3715 θνητοῖς
922 3632 1071 3716 legerunt
1089 3633 1234 3716 φύλακες
1248 3638 1398 3715 θνητῶν;

222 3761 289 3803 non
311 3742 418 3802 tamen
441 3759 514 3802 cum
537 3738 684 3825 Hagenio
713 3736 762 3826 (in
784 3738 941 3803 Meletem.
965 3738 1000 3800 in
1022 3736 1158 3801 Hesiodi
1179 3735 1277 3820 Erga,
1303 3736 1397 3816 1848,

223 3868 252 3929 p.
272 3842 330 3931 20)
353 3843 431 3908 haec
453 3846 551 3909 rerba
573 3846 607 3909 in
630 3846 777 3910 nostris
801 3844 894 3908 libris
919 3848 995 3908 sunt
1018 3843 1193 3908 scribenda.

311 3949 433 4015 Versus
459 3950 532 4036 151,
555 3952 674 4036 quippe
697 3952 731 4015 in
755 3972 818 4034 quo
846 3951 931 4014 dicat
954 3948 1115 4014 Hesiodus
1139 3948 1256 4034 μέλας
1279 3946 1309 4012 δ’
1336 3949 1397 4013 οὐκ

222 4061 295 4124 ἐσκε
328 4059 479 4144 σίδηρος,
513 4058 686 4123 advocatur
718 4058 758 4121 ad
792 4056 1023 4141 explanandam
1057 4079 1167 4121 vocem
1195 4056 1397 4141 μελάνδετον

222 4167 242 4230 1.
261 4188 286 4230 e.
311 4165 527 4251 σιδηρύδετον
550 4165 589 4229 ad
615 4163 776 4228 0713111
799 4163 930 4228 scholiis
953 4162 1145 4249 Homericis,
1166 4164 1292 4229 minora
1315 4184 1397 4246 quae

222 4275 377 4336 vocantur
410 4267 471 4357 (IV
496 4269 612 4355 104D3
644 4268 691 4334 Vl
711 4269 852 4356 151M),
885 4273 917 4333 et
953 4269 993 4333 ad
1028 4270 1194 4354 Euripidis
1230 4270 1394 4334 Phoeniss.

225 4378 308 4442 1091
329 4376 446 4463 Schw.;
464 4377 548 4441 idem
568 4401 587 4441 a
605 4377 779 4442 scholiasta
796 4376 963 4461 Apollonii
981 4375 1099 4442 Rhodii
1120 4377 1161 4441 ad
1178 4376 1285 4442 A430
1302 4377 1395 4463 Keil,

235 4551 239 4555 -
312 4521 338 4587 1)
357 4517 431 4572 Nam
450 4470 581 4574 ἐδίδουν
599 4535 650 4588 pro
670 4515 784 4573 ἐδίδου
802 4517 858 4571 huc
876 4534 933 4572 non
952 4516 1037 4571 eadit.
