3390 5178
276 327 339 390 166
522 322 564 378 Ι)ο
583 322 705 393 Operum
722 319 848 374 versibus
867 318 903 372 ab
923 317 1048 386 antiquis
1066 314 1198 372 laudatis.

274 513 305 574 p.
323 485 415 576 410),
437 509 518 572 quae
535 486 618 550 falsa
635 484 730 549 lectio
749 483 877 548 videtur
894 486 971 547 nata
994 503 1062 546 ease
1080 479 1132 547 vel
1150 501 1223 544 cum
1241 478 1445 543 notissimum

275 618 404 662 versum
416 616 483 659 non
495 595 640 678 inspecto
654 591 739 656 libro
759 590 931 655 memoriae
950 589 1063 654 confisi
1081 586 1250 653 laudarent
1265 585 1448 672 scriptores,

275 703 327 768 vel
354 700 441 786 quod
471 699 630 764 librarius
658 697 788 782 quidam
820 695 1039 782 praedicatum
1067 693 1298 759 enuntiationis
1329 691 1447 756 deside·
1578 697 1586 711 '

275 831 350 874 rans
374 810 423 872 ἔνι
456 806 595 871 scribere
621 805 740 889 voluit,
766 804 800 868 id
822 803 909 888 quod
930 802 999 868 veri
1022 806 1072 866 est
1095 799 1296 865 simillimum
1320 798 1448 864 collatis

277 913 408 979 Stobaei
430 912 593 978 codicibus
618 910 700 999 (cod.
720 910 742 976 S
765 908 915 995 copones
938 903 1012 996 ab).
1058 906 1209 973 Ceterum
1228 906 1280 970 his
1300 906 1448 991 genuinis

276 1020 411 1085 Hesiodi
433 1019 580 1085 versibus
604 1016 809 1102 aliquomodo
832 1016 951 1081 similia
972 1015 1071 1080 verba
1093 1015 1176 1101 ἀρχὴ
1195 1014 1298 1098 ἥμισυ
1315 1013 1449 1095 παντὸς,

277 1149 350 1192 cum
368 1134 555 1213 χαρακτῆρα
569 1124 758 1190 Ἡσιόδειον
776 1123 960 1189 viderentur
977 1123 1130 1206 redolere,
1149 1120 1292 1185 amultis
1307 1118 1448 1184 Hesiodo

277 1234 504 1299 tribuebantur
527 1253 660 1317 eamque
683 1232 725 1295 ob
749 1253 817 1295 rem
840 1253 859 1294 a
880 1228 1046 1295 nonnullis
1068 1229 1147 1294 viris
1175 1227 1279 1293 doctis
1307 1226 1342 1290 in
1366 1226 1450 1311 frag-

277 1340 377 1406 menti
397 1340 482 1404 seius
499 1342 724 1423 numerantur3
747 1338 833 1422 quod
855 1337 976 1402 factum
1000 1339 1049 1401 est
1071 1335 1245 1421 immerito,
1267 1355 1340 1398 cum
1362 1336 1451 1397 vetu-

279 1446 413 1512 stissimi
437 1449 599 1532 auctores,
625 1445 682 1530 qui
709 1444 799 1509 haec
826 1443 924 1508 verba
946 1442 1123 1527 laudavere,
1145 1440 1240 1506 Plato
1264 1437 1380 1527 (Leges
1404 1438 1451 1503 IV

278 1578 310 1639 p.
330 1551 431 1639 coac)
454 1557 486 1617 et
505 1550 664 1616 Lucienus
685 1549 890 1638 (Hermotim.
916 1547 962 1636 3),
983 1571 1021 1613 ea
1043 1570 1109 1614 non
1132 1547 1208 1612 dent
1231 1545 1389 1631 Hesiodo3
1411 1545 1450 1610 cf.

281 1658 454 1744 Sitteliuni,
475 1658 607 1724 Wiener
631 1657 766 1724 Studien
788 1655 851 1722 ΧΠ
869 1680 900 1741 p.
918 1654 962 1720 45
973 1677 1041 1740 sqq.

849 1853 870 1916 3

370 1979 502 2064 Excipit
521 1980 559 2044 τὸ
579 1981 627 2056 εἰς
640 1976 777 2064 Ἔριδας
795 1977 904 2042 fabula
922 1975 1097 2060 Pandorae‚
1116 1975 1173 2039 ubi
1189 1975 1355 2040 nonnullis
1374 1975 1454 2039 locis

281 2087 430 2153 lectionis
453 2085 624 2150 varietates
648 2084 727 2149 satis
750 2105 864 2169 graves
887 2084 1093 2148 inveniemus.

370 2192 510 2258 Versum
541 2191 585 2255 42
621 2190 764 2254 laudavit
802 2189 997 2255 Plutarchus
1029 2190 1064 2253 in
1095 2189 1276 2275 fragmento
1308 2188 1386 2252 libri
1416 2188 1455 2251 de

282 2300 388 2364 anima
420 2298 505 2381 apud
533 2295 708 2361 Stobaeum
736 2294 831 2360 CXX.
855 2297 898 2360 28
930 2295 992 2383 (IV
1010 2320 1040 2380 p.
1067 2296 1343 2384 110‚13Msin‚
1369 2294 1455 2361 Plut.

282 2406 395 2472 Moral
424 2404 470 2469 ed.
494 2403 619 2468 Duebn.
639 2402 678 2466 V.
700 2401 770 2491 11);
802 2403 976 2469 scholiasta
999 2403 1039 2468 ad
1062 2402 1282 2489 Theogoniam
1305 2401 1370 2468 563
1394 2400 1455 2490 (ed.

284 2511 400 2598 Gaisf.)
424 2514 558 2596 propter
582 2510 720 2575 similem
743 2532 872 2575 sensum
895 2532 1019 2596 versus,
1047 2531 1143 2594 quem
1165 2511 1339 2596 tractabat3
1367 2510 1457 2575 scho-

285 2621 383 2685 liasta
414 2619 454 2683 ad
485 2616 652 2702 Aristoph.
679 2615 765 2683 Plut.
790 2618 833 2682 90
860 2617 955 2683 Dind.
978 2622 1016 2682 ut
1038 2619 1299 2707 nuppdodpsvov
1322 2618 1362 2681 ab
1385 2617 1457 2701 illo;

286 2727 384 2792 schol.
408 2725 448 2791 ad
471 2725 584 2809 Eurip.
603 2723 734 2808 Hippol.
754 2724 819 2791 932
843 2725 946 2790 Schw.
974 2728 1107 2809 propter
1129 2722 1273 2789 Atticam
1296 2728 1458 2789 construc-

284 2834 406 2898 tionem
443 2831 616 2897 verborum
658 2832 845 2917 κρύψαντες
881 2834 1029 2917 exonera
1074 2831 1234 2896 Eusebius
1270 2831 1304 2894 in
1344 2830 1457 2915 Praep.

280 2939 481 3029 Evangelica
498 2937 584 3002 XIV.
603 2939 626 3001 4
644 2961 674 3022 p.
695 2938 786 3002 72θά
808 2937 904 3003 Dind.
941 2937 1006 3002 Ubi
1034 2960 1098 3003 vox
1124 2937 1323 3022 paenultima
1345 2959 1458 3002 versus

286 3047 406 3132 legitur
428 3048 519 3129 νόον,
543 3046 629 3128 quod
652 3068 690 3110 ex
714 3044 820 3109 indole
843 3046 945 3109 totius
963 3046 1028 3110 loci
1046 3045 1222 3110 Eusebiani
1245 3045 1393 3110 consulto
1417 3045 1457 3109 ab

286 3176 324 3217 eo
347 3175 407 3237 pro
431 3155 507 3235 βίον
530 3151 675 3234 positum
697 3172 766 3215 esse
789 3155 931 3235 apparet.
977 3150 1082 3215 Aliter
1104 3173 1170 3216 non
1193 3151 1326 3217 idonens
1344 3151 1459 3217 fuisset

286 3280 397 3324 versus
424 3256 510 3321 haud
537 3257 584 3321 ita
611 3261 685 3341 apte
713 3278 751 3321 ex
775 3256 917 3323 Hesiodo
946 3262 1094 3343 sumptus
1118 3258 1157 3323 ad
1181 3259 1373 3323 sententiam
1395 3257 1459 3322 Hu-

287 3365 368 3430 sebii
400 3361 589 3427 firmandam
620 3363 659 3426 de
690 3362 746 3449 eis,
778 3364 833 3448 qui
864 3361 1034 3429 Platonem
1062 3365 1163 3430 secuti
1191 3369 1297 3430 essent
1324 3369 1357 3430 et
1384 3387 1459 3430 mox

287 3470 554 3554 discrepavissent
587 3491 660 3534 cum
692 3492 737 3535 eo.
795 3470 941 3555 Denique
969 3470 1113 3536 laudavit
1142 3494 1271 3536 versum
1301 3472 1460 3538 Stobaeus

287 3577 415 3643 11.1.7
446 3575 507 3662 (ed.
530 3575 694 3642 Waehsm.
717 3577 750 3641 ΙΙ
772 3602 802 3662 p.
822 3577 866 3665 4).
895 3616 937 3624 —
967 3578 1107 3642 Versum
1129 3577 1172 3641 45
1195 3582 1321 3664 praeter
1344 3578 1460 3643 Eusta-

288 3683 403 3768 thium‚
426 3683 482 3766 qui
500 3683 616 3748 solutis
634 3686 776 3750 numeris
795 3685 851 3750 sed
868 3685 1003 3749 retentis
1022 3685 1171 3749 omnibus
1189 3684 1296 3749 verbis
1319 3684 1369 3749 bis
1388 3706 1461 3749 eum

288 3790 431 3856 laudavit
459 3791 499 3854 ad
525 3789 615 3855 Iliad.
638 3815 669 3875 p.
688 3789 762 3856 540.
781 3793 822 3856 21
854 3796 885 3856 et
913 3792 953 3856 ad
976 3790 1089 3875 Odyss.
1107 3815 1138 3875 p.
1159 3792 1253 3856 1428.
1268 3791 1325 3876 62,
1348 3791 1462 3856 citavit

288 3898 339 3962 bis
362 3896 555 3962 Plutarchus
579 3898 682 3983 magis
706 3899 746 3962 ad
770 3898 944 3962 ornandam
968 3919 1035 3961 rem
1059 3920 1154 3981 quam
1178 3897 1217 3961 ad
1240 3897 1462 3981 explicandam

289 4004 324 4068 in
350 4004 435 4068 libro
463 4003 502 4067 de
529 4026 599 4088 cup.
627 4004 716 4068 divit.
740 4028 771 4088 p.
790 4003 854 4068 527
868 4026 899 4091 c,
916 4003 966 4068 III
985 4003 1098 4090 3653,
1127 4009 1159 4068 et
1182 4026 1272 4070 conv.
1291 4008 1370 4088 sept.
1395 4027 1461 4089 sap.

290 4134 320 4196 p.
341 4108 403 4174 157
413 4111 434 4175 f.
453 4109 469 4174 l
488 4109 600 4194 386B;
632 4132 811 4194 anonymus
834 4110 874 4175 ad
902 4133 997 4176 usum
1019 4111 1157 4194 optativi
1180 4111 1215 4176 in
1240 4111 1462 4176 huiuscemodi

292 4217 460 4282 sententiis
478 4216 698 4301 hypotheticis
717 4217 945 4282 illustrandum
964 4217 1044 4304 (non
1062 4218 1170 4283 addito
1188 4218 1318 4283 nomine
1334 4216 1462 4303 poetae)

290 4323 325 4388 in
347 4323 506 4408 excerptis
529 4324 649 4388 codicis
671 4323 822 4388 Vaticani
840 4324 906 4388 292
930 4325 1014 4409 apud
1038 4324 1242 4391 Sohaeferum
1266 4325 1306 4388 ad
1329 4323 1463 4409 Gregor.

291 4427 497 4495 Corinthium
519 4452 549 4514 p.
570 4428 648 4515 6853
672 4429 846 4496 scholiasta
869 4430 909 4495 ad
927 4429 1093 4514 Aristoph.
1112 4430 1171 4496 Av.
1188 4431 1249 4494 711
1273 4436 1305 4495 et
1325 4431 1464 4497 Acharn
