3366 5168
275 291 317 356 72
635 362 642 376 .
746 286 859 342 Scholia
876 285 976 358 Procli.

276 472 359 532 σεως
376 453 538 541 χρῄζοντα
560 448 809 538 ααρανρέχει(ἳ)
816 448 853 539 1),
872 451 917 527 ὡς
934 458 999 515 νῦν
1020 458 1080 534 τῆς
1093 446 1252 535 Ὠρίωνος
1270 448 1447 533 ἀνατολήν·

274 559 343 628 ἀλλ’
364 560 577 645 ἡμεῖς..τὴν
604 555 674 643 μὲν
701 557 880 642 μυθικὴν
908 565 977 622 τοῦ
1003 554 1193 642 Ώρίωνοςζ
1216 558 1448 642 ἱστορίαν...

274 669 620 755 παραδραμόντες,
639 663 1024 750 μαδηματικωτέρως
1041 659 1112 729 οὖν
1131 663 1346 747 διδάξομεν
1363 665 1450 747 πλὴν

277 787 391 861 σαφῶς
418 774 479 857 τὴν
507 773 627 839 τούτου
656 772 811 856 ἐπιτολὴν
838 772 882 856 μὴ
905 773 1225 856 μακρολογήσαννες,
1253 773 1370 854 καίπερ
1393 780 1451 856 τῆς

275 880 466 958 ὑποθέσεως
507 881 665 962 διδούσης
701 890 931 965 μακρηγορεῖν.
990 877 1042 941 Ex
1078 876 1129 941 his
1166 877 1204 940 fit
1242 877 1451 942 manifestum

276 990 424 1055 Taetzam
461 986 633 1072 aliquando
670 1007 707 1049 ea
743 985 828 1070 apud
858 984 1009 1049 Proclum
1038 984 1175 1048 inveniri
1206 975 1337 1071 negare,
1370 1008 1451 1070 quae

276 1101 390 1182 postea
413 1093 618 1179 exscripserit
640 1094 717 1178 ipse.
768 1091 916 1156 Eundem
942 1091 1037 1175 plura
1058 1090 1176 1177 legisse
1200 1091 1303 1156 elucet
1326 1114 1451 1177 compa-

276 1205 356 1269 ratis
388 1201 530 1287 vulgatis
564 1198 703 1264 scholiis.
758 1198 936 1283 Excipiunt
967 1195 1136 1263 Procliana
1167 1221 1196 1282 p.
1221 1196 1300 1284 350,
1324 1200 1453 1285 6-16,

278 1312 354 1397 351,
373 1310 470 1394 1-2,
488 1308 628 1372 22-23.
673 1306 796 1371 Eadem
819 1309 1026 1370 servaverunt
1049 1308 1195 1369 auctores
1214 1304 1322 1389 Etym.
1341 1305 1453 1391 Magni

278 1441 308 1502 p.
328 1417 403 1498 429,
422 1414 464 1478 31
489 1417 521 1476 et
541 1411 679 1477 (ludiani
697 1436 727 1497 p.
747 1412 823 1499 244,
839 1412 893 1476 49.
937 1411 974 1475 Ρ.
992 1410 1067 1496 351,
1081 1409 1248 1496 24-352,
1268 1412 1303 1498 2,
1323 1411 1452 1475 10-28

279 1522 440 1587 immerito
473 1541 530 1605 per
562 1521 669 1597 ἄλλως
702 1518 925 1583 abalienantur
958 1541 976 1581 a
1007 1516 1135 1603 Proclo,
1168 1539 1249 1602 quae
1281 1522 1357 1582 sunt
1385 1519 1453 1583 eius

281 1652 378 1715 quam
396 1628 534 1692 maxime
551 1626 693 1712 propria,
712 1626 928 1690 astronomica
947 1625 985 1688 de
1001 1622 1119 1689 Orione
1140 1624 1301 1689 occidente
1322 1628 1354 1688 et
1373 1647 1454 1710 quse

281 1741 356 1802 sunt
374 1735 472 1799 huius
491 1734 618 1820 generis
638 1732 710 1818 alia,
728 1754 809 1816 quae
828 1732 945 1797 Tzetza
963 1736 995 1796 et
1015 1754 1120 1815 supra,
1138 1731 1171 1796 id
1190 1731 1276 1816 quod
1295 1732 1360 1798 iam
1378 1731 1456 1797 vidi-

281 1866 363 1930 mus,
386 1846 418 1906 et
440 1863 525 1906 nunc
548 1864 578 1925 p.
598 1841 662 1907 353
686 1839 981 1924 Moschopulusque
1003 1862 1033 1923 p.
1053 1838 1119 1903 353
1143 1840 1389 1922 exscripserunt.
1414 1859 1455 1886 ·-

280 1949 386 2015 Procli
401 1953 450 2013 est
464 1948 561 2011 etiam
571 1945 1076 2033 p.354,9-17,17-19‚00ntra
1085 1966 1288 2029 nequaquam
1299 1946 1456 2011 scholium

284 2056 510 2121 brevissimum
533 2052 573 2117 ad
591 2076 619 2117 v.
640 2052 714 2137 614,
731 2075 761 2136 p.
782 2051 857 2137 354,
876 2051 1017 2137 28-29,
1039 2052 1074 2115 in
1098 2073 1161 2135 quo
1186 2052 1296 2117 insunt
1319 2052 1457 2118 Alexan·

283 2163 392 2227 drinae
412 2160 575 2225 doctrinae
593 2159 756 2242 reliquiae.
790 2155 976 2242 Sequuntur
989 2155 1158 2222 Procliana
1172 2157 1211 2222 ad
1227 2182 1256 2223 v.
1267 2160 1333 2222 614
1342 2182 1371 2243 p.
1383 2160 1458 2248 355,

286 2268 403 2333 1-13.
457 2266 533 2330 Alia
563 2269 612 2328 est
644 2265 728 2329 ratio
761 2285 885 2349 eorum,
913 2286 994 2348 quae
1022 2264 1061 2328 ad
1088 2286 1117 2329 v.
1137 2264 1200 2329 611
1231 2266 1458 2332 adscribuntur

283 2399 313 2460 p.
334 2373 408 2459 355,
427 2374 596 2457 32-356,
615 2372 644 2435 2.
690 2370 893 2455 Repetuntur
915 2371 969 2435 hic
992 2372 1113 2457 omnia,
1141 2394 1223 2457 quae
1245 2372 1343 2438 habet
1365 2378 1457 2438 vetus
1543 2388 1548 2399 ·

286 2483 444 2566 interpres
468 2479 509 2543 ad
526 2502 555 2544 v.
576 2481 654 2545 383:
678 2478 825 2542 adhunc
848 2478 950 2563 igitur
972 2479 1149 2543 transferas
1173 2484 1205 2544 ct
1227 2480 1291 2544 illa.
1338 2478 1459 2546 Contra

285 2592 361 2653 sunt
383 2587 490 2651 Procli
512 2609 543 2670 p.
563 2584 638 2670 356,
657 2585 776 2671 3-22,
795 2583 870 2670 357,
890 2585 1030 2672 16-19,
1050 2584 1124 2673 358,
1138 2586 1279 2671 21-23,
1295 2587 1459 2671 26-359,

286 2698 320 2780 3,
344 2697 372 2759 7.
423 2693 516 2768 Quod
543 2693 689 2776 sequitur
718 2691 877 2756 scholium
899 2715 930 2776 p.
955 2693 1033 2778 353,
1052 2691 1198 2780 9-360,
1217 2694 1250 2777 3,
1278 2715 1390 2758 rursus
1413 2716 1459 2758 re·

286 2804 380 2866 vocat
409 2823 428 2864 a
459 2798 625 2864 Diadocho
653 2797 870 2863 Alexandrina
898 2799 1051 2864 doctrina.

375 2906 475 2972 Recte
489 2928 523 2971 se
534 2905 787 2991 habentvulgati
797 2905 920 2970 codices
931 2906 1145 2969 attribuentes
1154 2905 1278 2990 Proclo,
1289 2928 1370 2990 quae
1385 2912 1461 2971 sunt

288 3014 363 3100 360,
386 3013 526 3098 12-19,
540 3010 686 3096 24-25,
719 3012 793 3094 361,
811 3009 954 3094 5-362,
968 3011 998 3095 5,
1020 3011 1160 3075 23-26.
1206 3009 1372 3075 Postrema
1398 3012 1460 3076 duo

287 3121 387 3184 fuisse
403 3118 564 3203 quondam
577 3118 747 3181 coniuncta
762 3138 835 3180 cum
854 3116 986 3202 scholio,
1003 3116 1090 3200 quod
1104 3137 1190 3180 nunc
1202 3116 1322 3203 legitur
1336 3140 1367 3201 p.
1387 3117 1461 3202 364,

290 3225 387 3310 5-9,
402 3226 592 3309 argumento
611 3226 660 3286 est
678 3226 806 3306 praeter
823 3243 890 3286 rem
909 3223 1014 3307 ipsam
1029 3222 1282 3287 lhincavelliana
1300 3224 1408 3310 editio,
1427 3225 1461 3289 in

291 3355 354 3417 qua
384 3352 421 3394 ex
448 3329 557 3393 nescio
586 3351 649 3413 quo
678 3328 784 3394 codice
815 3329 922 3392 omnia
943 3329 1021 3393 haec
1044 3330 1240 3394 coniunctim
1262 3329 1461 3397 exhibentur.

288 3439 329 3503 In
351 3437 460 3502 eadem
485 3457 609 3500 summo
633 3437 702 3500 iure
726 3435 850 3522 desunt,
873 3458 954 3520 quae
976 3457 1143 3520 perperam
1165 3437 1280 3504 Proclo
1304 3438 1463 3503 adduntur

289 3568 319 3629 p.
339 3544 419 3629 361,
442 3544 619 3630 29-362,
637 3542 671 3627 5,
701 3543 910 3629 grammatica
937 3543 994 3607 illa
1021 3544 1149 3628 quidem
1176 3548 1209 3608 et
1236 3543 1366 3609 minime
1390 3550 1463 3628 apte

290 3652 375 3714 inter
406 3671 457 3714 res
484 3649 654 3714 historicas
682 3649 848 3714 inculcata.
903 3650 955 3714 Ex
982 3650 1173 3737 Proclianis,
1206 3651 1284 3716 olim
1310 3652 1462 3716 nimirum

290 3756 501 3843 plenioribus
518 3757 691 3821 maximam
708 3759 834 3840 partem
857 3778 999 3843 suorum,
1020 3757 1084 3821 nisi
1108 3759 1210 3822 mavis
1230 3759 1337 3822 onmia
1355 3757 1464 3823 hausit

291 3864 415 3949 Tzetza,
434 3886 507 3929 cum
524 3864 717 3929 describeret
740 3864 842 3928 vitam
863 3864 998 3929 Hesiodi
1021 3865 1078 3952 ita,
1100 3869 1137 3928 ut
1160 3888 1179 3928 a
1201 3865 1355 3948 primario
1374 3865 1464 3929 fonte

293 3994 351 4036 suo
375 3971 557 4036 diseederet.
604 3969 667 4036 Sed
687 3973 722 4036 in
739 3971 799 4036 hac
816 3995 851 4036 re
869 3972 999 4057 longius
1016 3970 1168 4057 progredi
1186 3993 1252 4035 non
1269 3975 1350 4054 puto
1368 3970 1464 4035 huius

293 4100 362 4143 esse
384 4079 455 4143 loci.

383 4183 568 4269 Sequuntur
590 4184 758 4250 Procliana
784 4207 813 4268 p.
834 4186 913 4273 363,
927 4185 1050 4272 5-11,
1070 4186 1145 4272 364,
1163 4185 1263 4269 3-4,
1287 4183 1365 4271 (nisi
1387 4184 1466 4248 haec

385 4417 411 4483 1)
430 4412 562 4468 Conferas
576 4431 603 4482 p.
619 4418 680 4483 348,
694 4418 746 4468 352
765 4416 795 4467 et
812 4423 885 4481 quae
903 4412 970 4468 hinc
988 4412 1135 4482 exscripsit
1153 4412 1353 4482 Moschopulus
1366 4431 1394 4482 p.
1405 4416 1465 4466 353.
