3366 5168
314 341 358 405 94
687 338 800 393 Scholia
813 338 925 393 Veteris
942 338 1114 409 interpretis.

316 503 462 587 spieuum
479 502 560 567 illud
577 524 607 585 p.
622 501 698 588 369,
713 502 768 587 16;
786 501 869 566 nihil
886 506 997 569 tamen
1014 503 1108 588 inest,
1126 501 1214 586 quod
1233 500 1399 586 ingenium
1417 500 1487 564 eius

315 609 430 693 sapiat.
466 605 549 673 Sunt
568 611 674 672 autem
692 606 790 673 huius
815 608 1025 695 grammatici,
1048 629 1265 693 quaecumque
1283 606 1398 671 Γ166166
1416 627 1487 690 pro·

314 715 385 799 pria
408 737 464 778 sna
484 717 575 778 vocat
594 737 624 798 p.
640 713 714 798 370,
733 714 902 802 30-371,
917 715 959 779 14
984 719 1156 802 coargutus
1175 714 1360 780 testimonio
1378 711 1486 796 Etym.

314 821 421 905 Magn.
444 843 474 904 p.
493 820 569 906 497,
587 819 628 883 27
655 817 759 907 (not).

404 923 557 1010 Sequitur
584 925 742 991 scholium
764 949 794 1010 p.
813 926 893 1013 373,
912 927 968 1014 20,
991 928 1032 992 66
1054 928 1141 1012 6666
1163 927 1273 1011 addas,
1296 925 1383 1011 quod
1403 946 1489 990 nunc

313 1034 400 1097 inter
417 1032 586 1097 Proeliana
604 1032 725 1117 legitur
743 1056 773 1117 p.
789 1034 1019 1120 376,14-18,
1037 1035 1072 1098 16
1090 1056 1154 1118 666
1174 1038 1251 1098 sunt
1265 1033 1372 1098 omnia
1385 1052 1489 1118 gram·

315 1139 440 1203 matiea.
491 1137 651 1202 Funditus
678 1140 843 1223 perierunt
873 1141 907 1204 in
935 1141 1091 1225 proximis
1113 1139 1242 1205 Veteris
1266 1140 1304 1204 de
1331 1139 1487 1205 vocabulo

314 1243 427 1331 vs'rope
455 1244 713 1331 observationes,
741 1268 877 1330 quarum
907 1251 1032 1332 partem
1064 1247 1203 1312 servavit
1234 1250 1347 1311 auctor
1378 1245 1487 1329 Etym.

314 1351 426 1436 Magni
448 1374 478 1435 p.
495 1349 634 1437 754,10,
656 1349 741 1416 Flor.
759 1375 790 1436 p.
806 1353 872 1417 280
896 1350 1069 1441 (τέτταρα).
1099 1351 1152 1417 Α6
1175 1376 1202 1417 v.
1220 1352 1283 1416 705
1307 1375 1388 1436 6666
1411 1355 1488 1416 sunt

314 1480 345 1542 p.
356 1457 489 1543 383,20,
503 1480 540 1522 66
554 1478 651 1542 supra
660 1481 690 1542 p.
701 1458 744 1522 32
758 1459 964 1524 absolvimus.
992 1459 1160 1524 Proeliana
1174 1481 1249 1524 vero
1265 1464 1341 1524 sunt
1355 1459 1417 1524 duo
1432 1458 1489 1522 illa

316 1564 474 1628 instructa
493 1564 586 1649 signo
605 1566 721 1647 ἄλλως,
740 1587 821 1649 6666
840 1570 916 1630 sunt
934 1591 964 1652 p.
984 1567 1058 1652 386,
1072 1567 1116 1631 24
1134 1564 1187 1652 (ef.
1207 1588 1305 1650 supra
1317 1589 1348 1650 p.
1365 1563 1429 1651 73).
1448 1601 1486 1611 -

314 1668 425 1755 Pergit
443 1669 572 1735 Veteris
588 1670 814 1756 interpretatio
828 1695 859 1756 p.
874 1673 948 1758 389,
963 1674 1002 1737 17
1020 1673 1102 1738 adv.
1119 1674 1182 1737 719
1202 1673 1318 1737 additis
1333 1672 1388 1758 eis,
1407 1692 1488 1755 quae

315 1775 433 1840 dantur
459 1774 573 1841 Proele
597 1800 626 1861 p.
647 1777 725 1861 390,
746 1777 795 1842 15.
848 1777 971 1843 Deinde
993 1801 1095 1863 usque
1118 1779 1158 1844 66
1180 1802 1209 1844 v.
1230 1778 1294 1842 740
1317 1778 1432 1842 desunt
1454 1777 1490 1840 in

315 1882 449 1968 vulgata
476 1882 663 1948 collectione
694 1883 816 1949 scholia
837 1885 981 1973 Veteris,
1006 1885 1145 1969 licetque
1173 1908 1211 1949 ex
1241 1888 1333 1969 parte
1362 1886 1487 1948 tantum

316 1988 444 2053 aliunde
472 1989 700 2054 detrimentum
726 1991 887 2055 resarcire.
941 1990 1088 2056 Fortasse
1110 1995 1219 2055 tamen
1240 1991 1311 2076 ipse
1333 2011 1490 2055 cemmen-

316 2095 418 2159 tarius
447 2095 563 2160 abhinc
590 2096 685 2160 desiit
712 2097 863 2181 copiosus
891 2119 975 2182 esse,
1002 2097 1120 2181 quippe
1148 2098 1183 2161 in
1211 2119 1275 2180 quo
1299 2097 1490 2183 gravissima

288 2283 293 2290 .
317 2222 463 2285 quaeque
480 2201 546 2266 iam
568 2202 747 2267 monuisset
766 2207 877 2267 auctor
894 2203 1059 2287 nolletque
1077 2207 1230 2288 repetere.
1268 2201 1339 2290 Sed,
1357 2207 1394 2267 ut
1413 2201 1489 2285 dixi,

317 2329 419 2392 pauca
442 2307 567 2373 adsunt.
620 2308 732 2372 Veluti
760 2309 799 2372 66
822 2332 852 2393 p.
874 2308 938 2373 724
961 2333 992 2394 p.
1012 2309 1089 2394 396,
1113 2309 1200 2374 4-6
1227 2314 1391 2395 postrema
1412 2306 1490 2371 Pro-

317 2413 420 2478 elium
442 2413 617 2509 huiesunt
641 2413 852 2479 attribuenda.
898 2413 950 2479 Ad
968 2438 996 2480 v.
1018 2416 1080 2480 729
1100 2416 1172 2500 ipso
1195 2415 1344 2481 lemmate
1367 2412 1490 2500 προβά-

317 2521 380 2603 δην
399 2518 450 2585 Ρ6.
471 2518 612 2585 Zonaras
630 2544 660 2605 p.
673 2519 759 2585 1590
777 2521 899 2586 fontem
923 2543 1017 2586 suum
1035 2522 1180 2606 aperiens
1201 2526 1388 2607 excerptum
1407 2518 1489 2584 exile

316 2628 461 2711 apponit.
517 2626 628 2691 Etiam
655 2627 695 2690 66
712 2650 751 2713 Ι6.
770 2627 833 2691 736
862 2631 1130 2693 conservaverunt
1159 2628 1313 2712 quaedam
1343 2630 1490 2691 auctores

315 2732 502 2819 Etymolog.
531 2732 638 2818 Magn.
662 2756 692 2817 p.
714 2733 853 2820 723,14
880 2738 913 2798 61
940 2733 1025 2800 Flor.
1048 2757 1078 2818 p.
1099 2733 1165 2798 270
1188 2729 1489 2822 (exspectaretur).

276 2906 281 2933 ,
315 2838 367 2904 Ad
390 2863 418 2905 v.
440 2839 504 2903 740
531 2861 581 2922 66,
610 2861 691 2923 6666
719 2840 759 2904 66
784 2840 938 2905 lectiones
965 2841 1070 2904 varias
1098 2840 1260 2924 pertinent
1289 2863 1318 2924 p.
1337 2838 1419 2923 400,
1437 2837 1491 2922 23,

315 2944 431 3011 Proelo
456 2949 532 3009 sunt
555 2945 727 3030 eripienda.

405 3049 506 3116 Adest
528 3073 641 3116 rursus
665 3053 772 3126 ἄλλως
795 3051 835 3114 66
857 3073 886 3115 v.
907 3050 971 3115 742
989 3074 1019 3135 p.
1034 3050 1110 3138 401,
1130 3053 1179 3117 19.
1220 3050 1381 3116 Amultis
1401 3048 1491 3113 scho-

315 3157 397 3222 lium
418 3161 468 3221 est
487 3157 691 3240 exscriptum.
727 3154 859 3220 Praeter
872 3155 1021 3221 Tzetzam
1042 3162 1075 3222 et
1093 3156 1339 3241 Moschopulum
1357 3154 1491 3220 nomino
1527 3216 1530 3221 .

315 3262 368 3328 Ps.
382 3262 540 3328 Zonaram
562 3284 592 3347 p.
613 3261 678 3325 243
702 3258 781 3348 (ἀπὸ
805 3259 989 3349 πεντόζοιο)
1013 3266 1046 3326 61
1068 3265 1230 3328 auctorem
1252 3263 1360 3347 Etym.
1379 3260 1492 3346 Magni

315 3393 345 3454 p.
363 3368 438 3452 127,
455 3367 507 3431 39.
543 3365 731 3433 Proximum
750 3372 799 3433 est
819 3368 978 3433 scholium
998 3369 1037 3433 ad
1055 3391 1083 3433 v.
1100 3368 1173 3454 744,
1191 3392 1221 3453 p.
1239 3369 1314 3454 403,
1335 3368 1386 3453 18,
1405 3365 1492 3452 6666

317 3473 490 3557 exscripsit
512 3473 719 3560 neglegenter
742 3478 853 3539 auctor
871 3474 980 3558 Etym.
1004 3473 1089 3540 Flor.
1112 3498 1142 3559 p.
1162 3474 1228 3538 224
1251 3471 1446 3562 (οἰνοχόην).

279 3660 281 3663 ¹
405 3578 452 3644 Ut
479 3600 576 3663 porro
605 3581 645 3645 ad
671 3603 700 3645 v.
726 3580 789 3644 746
816 3580 946 3644 Veteris
974 3584 1024 3644 est
1051 3579 1221 3664 scholium,
1249 3579 1335 3664 quod
1357 3601 1434 3664 prae
1458 3599 1493 3641 se

316 3688 379 3752 fert
401 3686 509 3751 Procli
529 3708 647 3751 nomen
670 3709 700 3770 p.
718 3686 794 3771 405,
808 3686 838 3771 6,
861 3687 909 3750 116
932 3707 1150 3770 quaecumque
1172 3708 1202 3769 p.
1220 3685 1296 3771 408,
1312 3683 1344 3770 5,
1365 3683 1407 3747 10
1431 3681 1493 3747 sub

316 3795 423 3870 ἄλλως
450 3792 545 3878 legis,
572 3791 740 3857 Procliana
768 3793 879 3878 potius
903 3795 994 3876 sunt3
1022 3790 1061 3855 cf.
1085 3813 1182 3874 supra
1203 3814 1233 3875 p.
1249 3790 1299 3854 74.
1345 3789 1495 3854 Eandem

315 3900 382 3964 fere
405 3882 660 3964 vicissitudinem
684 3898 926 3963 observavimus
948 3897 1068 3961 ibidem
1092 3896 1131 3960 de
1152 3896 1290 3979 scholiis,
1314 3896 1496 3978 quaesunt
1528 3917 1531 3921 ²

314 4030 346 4091 p.
364 4006 439 4070 411.
485 4004 537 4070 Α6
558 4027 588 4068 v.
614 4003 677 4067 747
700 4002 829 4068 Veteris
858 4002 958 4068 verba
984 4023 1067 4066 unus
1090 4001 1224 4065 retinuit
1247 4004 1360 4065 auctor
1382 3998 1495 4082 Etym.

314 4111 423 4196 Magn.
452 4134 483 4195 p.
502 4108 578 4192 555,
601 4109 653 4175 28.
702 4108 826 4173 Eodem
854 4107 950 4171 medo
981 4105 1137 4172 scholium
1165 4107 1204 4170 ad
1225 4129 1254 4171 v.
1280 4104 1343 4169 755
1368 4126 1498 4169 conser-

314 4221 427 4283 vatum
446 4219 496 4280 est
514 4215 550 4278 in
567 4214 677 4297 Etym.
696 4212 782 4277 Flor.
801 4235 831 4295 p.
851 4213 916 4276 219
936 4210 1155 4299 (perpulcrae).
1193 4210 1314 4275 Deinde
1333 4211 1370 4274 in
1382 4210 1500 4293 Etym.

314 4322 436 4407 Magno
459 4343 489 4406 p.
514 4320 589 4405 337,
607 4318 649 4383 31
675 4323 707 4383 61
733 4317 806 4403 127,
827 4318 866 4380 17
891 4317 985 4402 plura
1008 4320 1138 4399 restant,
1162 4338 1243 4400 quae
1265 4317 1432 4400 pertinent
1458 4315 1502 4380 66

315 4452 343 4495 v.
376 4426 450 4513 757,
481 4425 600 4511 quibus
630 4422 826 4508 respondent
857 4422 991 4507 vulgata
1023 4420 1145 4486 scholia
1176 4445 1207 4505 p.
1235 4420 1311 4506 411,
1340 4422 1393 4486 32.
1452 4422 1504 4486 Et
