3342 5168
455 363 597 429 Quantum
613 362 742 417 noverint
759 363 869 431 antiqui
887 363 1005 418 lectores
1024 380 1142 418 carmen.
1366 366 1387 428 5

220 527 258 591 de
286 527 396 592 eadem
422 530 513 611 parte
540 526 576 589 in
597 547 659 589 usu
682 526 781 589 fuisse
803 526 888 591 dicas
907 527 1008 590 6116111
1030 524 1243 612 broccum),
1266 550 1386 613 παραγ-

218 629 395 719 γέλματᾳῖ)
415 631 540 697 similia.
581 631 683 696 Immo
707 631 809 696 elucet
828 632 1002 697 eiusmodi
1019 632 1175 697 vocabula
1192 632 1282 697 nulla
1300 638 1387 698 certa

219 739 299 825 lege,
322 739 490 803 brevitatis
514 760 618 824 causa,
642 737 682 802 ab
705 738 776 802 aliis
796 738 902 823 aliter,
925 742 963 803 ut
985 738 1108 802 ferebat
1131 739 1264 823 occasio,
1286 740 1386 805 fuisse

219 848 381 928 usurpata.
427 843 627 909 0611651511
649 844 780 929 grauiam
803 845 856 909 hic
879 845 967 909 latet.

307 949 457 1015 Ceterum
471 951 570 1015 simili
583 950 717 1014 consilio
731 950 841 1015 licebit
854 951 949 1015 nobis
964 972 1091 1034 quoque
1106 950 1192 1015 hunc
1207 952 1242 1015 in
1254 953 1385 1018 modum

219 1056 368 1122 adhibere
382 1057 524 1122 nomina:
543 1056 747 1122 Prooemium
760 1080 788 1121 1.
806 1057 923 1143 1-10,
940 1058 977 1122 τὸ
993 1055 1187 1143 εἰς”Εριδας
1200 1080 1228 1122 1.
1245 1059 1385 1146 11-41,

216 1162 380 1229 Pandorae
411 1163 522 1228 fabula
552 1187 581 1228 1.
608 1161 786 1248 42-105,
817 1161 972 1227 Aetatem
1002 1162 1112 1227 fabula
1143 1187 1171 1228 1.
1201 1165 1385 1252 106-201,

216 1267 308 1345 αἶνος
330 1270 564 1354 1.202-212,
586 1271 623 1334 τὸ
647 1271 694 1345 εἰς
717 1270 814 1351 δίκην
831 1267 886 1334 καὶ
905 1269 1026 1355 ἀρετήν
1044 1292 1073 1341 1.
1092 1270 1277 1354 213-305,
1300 1270 1385 1337 Gno-

215 1375 359 1461 mologia
376 1376 465 1460 prior
483 1399 511 1440 1.
531 1376 717 1461 306-382,
738 1373 843 1459 Opera
861 1398 889 1440 1.
909 1375 1095 1461 383-617,
1113 1376 1151 1439 de
1169 1376 1384 1462 Navigatione

215 1482 437 1568 calc-694,
448 1480 663 1567 Gnomologia
671 1482 832 1565 posterior
842 1505 869 1546 1.
878 1480 1065 1568 695-764,
1074 1480 1152 1546 Dies
1161 1505 1189 1546 1.
1200 1482 1382 1548 765-828.

785 1649 815 1712 3.

304 1760 474 1827 Acodicis
497 1762 634 1827 Parisini
662 1766 766 1827 aetate
795 1763 905 1827 statim
928 1763 1134 1827 ascendamus
1159 1763 1199 1827 ad
1222 1765 1382 1829 saeculum

216 1869 375 1954 quintum,
399 1890 462 1952 quo
481 1867 613 1932 Proclus
636 1869 707 1953 fuit,
730 1869 821 1933 cuius
845 1891 883 1932 ex
907 1870 1134 1933 commentario
1153 1869 1255 1934 multa
1272 1869 1383 1933 insunt

213 1975 249 2038 in
276 1973 416 2039 scholiis.
461 1973 560 2038 Deest
588 1973 716 2057 quidem
738 1975 773 2038 iu
796 1973 821 2039 0
844 1975 985 2058 primum
1007 1975 1134 2062 folium,
1160 1975 1217 2039 ubi
1245 1975 1383 2040 fortasse

213 2080 282 2145 eius
308 2101 427 2145 nomeu
453 2080 690 2166 inveniebatur,
719 2080 773 2144 sed
801 2085 834 2145 61
861 2102 900 2145 ex
922 2082 1100 2145 innumeris
1123 2080 1382 2145 cavillationibus

213 2187 391 2251 Taetzianis
414 2190 509 2251 etex
532 2185 663 2250 scholiis
687 2186 831 2251 codicum
853 2188 1067 2252 recentiorum
1089 2190 1217 2252 constat
1241 2186 1382 2252 eProcli

214 2293 457 2380 commentario,
489 2315 585 2376 quem
613 2290 727 2356 Suidas
755 2314 883 2376 quoque
909 2293 1015 2378 116111,
1044 2292 1101 2356 1115
1128 2315 1197 2357 6666
1225 2297 1380 2376 excerpta.

214 2398 301 2476 Quae
325 2400 353 2464 si
377 2422 449 2464 cum
467 2403 558 2464 textu
578 2398 738 2484 carminis,
761 2420 856 2482 quem
877 2399 1025 2484 legimus,
1047 2399 1291 2485 comparaveris,
1309 2421 1380 2464 con-

212 2507 303 2571 cedes
339 2506 431 2571 illum
468 2517 578 2569 omnes
612 2526 693 2589 quae
725 2526 811 2568 nunc
842 2509 917 2569 sunt
948 2508 1056 2589 partes
1089 2506 1238 2569 carminis
1270 2505 1380 2570 eodem

213 2613 323 2678 ordine
346 2615 443 2696 atque
464 2633 524 2693 nos
548 2610 673 2694 legisse.

301 2716 454 2801 Sequitur
485 2716 685 2780 Plutarchus.
736 2714 831 2778 Hunc
868 2737 996 2800 quoque
1029 2717 1192 2800 scripsisse
1224 2739 1380 2782 commen-

212 2824 314 2888 tarios
338 2822 377 2887 ad
396 2820 500 2912 Opera
522 2825 612 2905 patet
631 2842 703 2885 cum
725 2843 742 2885 6
761 2819 857 2885 Gellii
876 2821 1062 2886 testimonio
1080 2821 1148 2909 (20,
1163 2824 1193 2908 8,
1208 2821 1252 2911 7),
1275 2828 1380 2887 turne

211 2929 317 2994 Procli
341 2928 481 3015 scholiis,
504 2928 561 3012 qui
583 2930 672 2991 totus
695 2948 734 2990 ex
756 2926 814 2990 illo
837 2926 962 3010 pendet.
998 2925 1049 2991 Ne
1071 2931 1183 2992 nostra
1206 2929 1270 3012 ipsi
1292 2952 1379 3012 prae-

211 3037 375 3121 ripiamus,
396 3033 527 3099 interim
550 3034 594 3098 sit
618 3033 697 3097 satis
720 3033 833 3097 afferre
853 3054 908 3097 eos
926 3032 1025 3119 locos,
1047 3033 1104 3097 ubi
1124 3034 1232 3098 addito
1250 3036 1380 3099 nomine

210 3142 343 3206 Proclus
371 3140 579 3205 Plutarchum
605 3139 813 3223 interpretem
840 3138 958 3203 laudat.
1004 3137 1087 3204 Sunt
1116 3141 1156 3203 ad
1178 3163 1206 3204 1.
1224 3140 1283 3227 48,
1306 3143 1379 3227 212,

211 3250 291 3334 218,
313 3248 393 3332 242,
417 3248 496 3335 267,
519 3247 599 3330 286,
621 3246 696 3330 287,
720 3245 795 3332 317,
818 3245 892 3330 346,
915 3245 990 3332 353,
1013 3246 1087 3332 356,
1110 3246 1185 3332 373,
1208 3248 1282 3333 377,
1305 3249 1379 3332 380,

212 3355 290 3439 386,
313 3355 391 3440 423,
414 3354 494 3440 427,
516 3352 598 3437 435,
622 3351 696 3436 504,
719 3350 793 3437 559,
816 3350 891 3438 580,
915 3352 989 3438 633,
1012 3352 1087 3438 650,
1111 3354 1184 3439 733,
1208 3354 1282 3438 748,
1306 3354 1379 3438 751,

211 3460 290 3546 757,
318 3460 390 3526 780.
450 3459 573 3536 Quibus
611 3458 760 3523 omuibus
796 3459 876 3523 locis
912 3480 980 3523 non
1015 3459 1120 3522 solum
1156 3458 1196 3523 ad
1232 3459 1377 3543 singulos

210 3566 285 3631 illos
312 3587 438 3653 versus,
465 3565 521 3631 sed
549 3587 674 3649 semper
700 3564 766 3628 fere
794 3565 833 3629 ad
861 3565 1041 3648 complures
1067 3565 1191 3630 vicinos
1218 3566 1378 3649 pertinere

209 3670 376 3736 Plutarchi
396 3671 693 3755 interpretationem
710 3671 917 3736 manifestum
935 3674 993 3736 est.
1029 3670 1124 3755 Legit
1143 3674 1251 3735 autem
1269 3693 1377 3735 secun-

210 3778 286 3841 dum
312 3776 390 3840 11666
417 3777 545 3860 quidem
571 3778 709 3862 vestigia
732 3777 952 3842 commentarii
974 3775 1166 3841 Plutarchus
1189 3776 1377 3863 Pandoram,

210 3878 318 3966 αἶνον,
342 3905 378 3947 65
401 3904 482 3966 quae
506 3886 581 3946 sunt
604 3885 652 3959 εἰς
674 3885 771 3965 δίκην
793 3880 848 3948 καὶ
871 3881 992 3964 ἀρετήν
1015 3871 1267 3984 (6116556516)
1292 3881 1376 3948 Gno-

209 3988 385 4074 mologiam
413 3988 554 4072 priorem
581 3985 616 4075 (8
644 3985 787 4074 fragm),
819 3985 924 4070 Opera
951 3985 985 4074 (7
1019 3990 1056 4051 111
1087 3986 1213 4052 videtur
1239 3988 1378 4077 fragm),

169 4151 170 4154 ,
209 4095 261 4159 bis
292 4096 328 4159 in
356 4098 447 4178 parte
474 4093 512 4156 de
538 4093 743 4178 navigatione
771 4093 914 4157 invenies
945 4092 1013 4157 eius
1039 4114 1171 4180 nomen,
1199 4094 1274 4178 plus
1303 4100 1375 4161 octo

209 4222 320 4264 versus
349 4222 388 4264 611
416 4200 517 4264 511615
541 4198 755 4284 Gnomologia
776 4199 881 4283 novit,
903 4199 1053 4264 laudatur
1076 4200 1173 4264 etiarn
1195 4202 1231 4264 in
1252 4201 1376 4266 Diebus

211 4306 315 4371 semel.
351 4304 1039 4391 11661551Ῥ16665111115,Α616166,Ἔριδες.
1076 4306 1127 4370 Ex
1149 4307 1201 4370 his
1222 4305 1376 4372 Actutum
1408 4388 1415 4399 .

300 4466 325 4534 1)
344 4463 480 4519 Isocrates
499 4465 537 4519 ad
554 4463 615 4519 Nic.
635 4470 677 4519 43.
764 4467 790 4535 2)
810 4462 923 4518 Scholia
940 4465 1036 4518 vetera
1055 4463 1092 4518 ad
1109 4481 1135 4518 1.
1156 4468 1214 4518 760.
