3342 5168
630 321 671 376 De
689 320 782 375 Procli
798 320 920 376 scholiis.
1321 323 1361 385 15

192 485 355 572 Planudis‚
378 506 459 569 quae
481 485 585 548 iacent
609 484 711 548 adhuc
734 483 856 548 inedita
878 485 913 547 in
930 482 1036 548 codice
1054 481 1269 567 Neapolitano
1290 484 1362 551 165.

193 590 245 657 Ad
263 592 342 657 Dies
364 591 559 676 peculiarem
581 591 710 674 scripsit
734 590 895 676 exegesim
913 589 1080 674 physicam
1099 588 1234 655 loannes
1251 590 1365 656 Proto-

195 698 394 786 spatharius,
430 720 527 781 quam
559 700 593 761 et
623 696 728 780 ipsam
760 696 902 760 invenies
933 696 969 760 in
1000 695 1196 761 scholiorum
1225 697 1364 762 editione

195 804 425 870 Gaisfordiana.
472 801 555 869 Sunt
582 806 748 887 praeterea
778 802 933 886 quaedam
961 802 1083 867 scholia
1109 802 1144 865 in
1171 802 1361 868 Hesiodeam

194 911 233 976 de
255 911 402 976 Pandora
430 910 572 974 fabulam
600 909 636 974 in
658 909 766 973 codice
787 907 950 973 Parisino:
982 912 1030 985 εἰς
1057 909 1093 973 τὸ
1121 906 1197 992 παρ’
1220 907 1364 998 Ἡσιόδῳ

193 1015 319 1083 κλαπὲν
345 1027 412 1102 ττῦρ
440 1018 505 1082 ὑπὸ
534 1014 742 1102 Προμηθέως
769 1013 824 1080 καὶ
852 1016 900 1092 εἰς
927 1016 988 1098 τὴν
1014 1014 1256 1080 ἀποσταλεῖσαν
1278 1014 1365 1081 Ἔντι-

194 1130 297 1208 paces
314 1125 505 1207 Πανδώραν
532 1126 565 1187 et
592 1124 699 1199 άλλως
726 1123 773 1197 εἰς
796 1123 832 1186 τὸ
857 1119 947 1186 αὐτό.
992 1119 1204 1207 „Fragmenta
1225 1122 1364 1187 fortasse

193 1229 281 1295 illius
305 1229 535 1312 commentarii,
559 1250 654 1314 quem
678 1226 905 1312 conscripsisse
923 1226 1128 1291 Proculeium
1147 1224 1264 1310 Syrum
1283 1228 1365 1292 dixit

88 1360 100 1379 ·
195 1334 327 1401 Suidas“
359 1337 508 1402 credebat
535 1332 728 1421 Flachius.¹)
773 1334 818 1398 Elt
851 1334 889 1398 de
918 1333 970 1398 his
998 1333 1129 1398 scholiis
1156 1336 1189 1397 et
1216 1333 1255 1397 de
1282 1355 1365 1398 ccm-

195 1444 354 1508 mentario
376 1441 638 1527 Protospatharii
659 1441 744 1506 infra
767 1445 861 1505 erunt
885 1440 1039 1524 quaedam
1061 1440 1201 1505 dicenda.

282 1548 411 1614 Procli
444 1571 526 1633 quae
556 1569 642 1613 nunc
669 1548 817 1612 feruntur
844 1546 979 1632 scholia,
1010 1568 1048 1611 ea
1074 1546 1129 1610 diu
1159 1547 1271 1632 ignota
1298 1549 1365 1612 fere

194 1660 395 1720 manserunt:
417 1677 494 1719 nem
517 1657 667 1736 excerpta
689 1657 818 1718 tantum
840 1675 951 1718 eorum
973 1654 1009 1717 iu
1027 1652 1281 1718 Trincavelliana
1304 1655 1366 1718 edi-

195 1761 284 1825 tione
312 1760 352 1824 ad
374 1759 579 1843 Moschopuli
606 1760 766 1844 exegesim
794 1764 886 1823 erant
911 1758 1078 1842 adscripta.
1124 1758 1252 1824 Primus
1277 1759 1366 1826 Gais-

194 1866 317 1931 Iordius
344 1889 361 1930 e
384 1865 532 1930 Parisino
557 1864 597 1952 O,
626 1864 842 1952 Dorvilliano‚
873 1865 945 1929 aliis
972 1863 1066 1928 libris
1094 1886 1143 1949 ea,
1173 1888 1255 1950 quae
1280 1889 1366 1933 nunc

196 1974 348 2059 legimus,
375 1973 497 2057 publici
519 1973 596 2038 fecit
618 1973 707 2037 iuris.
754 1969 873 2037 Statim
896 1972 1056 2057 uraldus,
1087 1972 1137 2036 vir
1160 1973 1365 2040 doctissimus

195 2078 417 2167 exclamavit²)
445 2082 553 2144 totum
575 2079 726 2144 Proclum
751 2101 812 2144 nos
834 2079 984 2144 manibus
1007 2083 1129 2144 tenere:
1156 2079 1280 2144 cautior
1302 2081 1365 2144 fuit

195 2184 481 2273 Schoemannus³)‚
510 2186 566 2270 qui
588 2185 741 2251 Proclum
764 2207 892 2271 quoque
915 2208 1064 2251 mancum
1088 2208 1157 2251 esse
1181 2187 1365 2252 curatione

196 2293 363 2358 ostendere
394 2293 553 2378 instituit,
584 2298 622 2358 ut
654 2292 889 2358 demonstraret
921 2293 1005 2378 apud
1032 2293 1180 2358 Tzetzam
1210 2293 1367 2358 nonnulla

195 2400 256 2465 sub
282 2401 413 2465 nomine
435 2398 543 2464 Procli
565 2399 645 2485 legi,
668 2421 750 2483 quae
772 2400 808 2464 in
829 2400 910 2483 ipsis
934 2399 1065 2464 scholiis
1088 2399 1264 2464 Proclianis
1286 2400 1366 2465 desi-

195 2507 390 2572 derarentur.
426 2505 497 2570 Hac
514 2505 580 2590 via,
600 2528 696 2589 quam
713 2504 954 2571 Schoemannus
973 2506 1137 2571 incohavit
1151 2507 1254 2591 magis
1269 2528 1366 2591 quam

195 2613 350 2698 absolvit,
376 2632 565 2697 progressus
591 2615 641 2676 est
664 2611 777 2677 deinde
800 2609 1010 2699 Usenerus4)‚
1036 2634 1109 2676 cum
1132 2612 1366 2678 demonstraret

196 2840 245 2907 qui
269 2838 435 2909 subscripsit
457 2838 530 2893 libro
553 2838 659 2894 Matrit.
678 2838 778 2893 LXXV
801 2856 864 2893 ann.
886 2844 955 2893 1334
977 2839 1020 2909 (V.
1039 2839 1130 2905 Iriart.
1149 2858 1176 2909 p.
1191 2842 1266 2910 ml:
1289 2838 1366 2906 τέλος

195 2936 246 2983 τοῦ
273 2927 390 2999 peredeo
419 2927 605 2998 ἑξηγηθέντος
631 2928 709 2997 παρὰ
736 2936 786 2983 τοῦ
814 2927 978 2998 σοφωτάτου
1005 2928 1054 2982 καὶ
1076 2927 1245 2999 λογιωτάτου
1267 2927 1365 2999 κυρίου

194 3019 334 3087 Μανουὴλ
352 3025 402 3072 τοῦ
421 3016 539 3086 Κρήτης.
576 3016 621 3071 Ita
643 3016 730 3071 etiam
748 3016 783 3071 N.
802 3016 909 3070 Titzius
928 3017 959 3071 in
977 3015 1174 3071 dissertatione
1193 3034 1256 3088 sua,
1280 3035 1366 3086 quam

195 3105 362 3176 conscripsit
385 3107 420 3160 de
439 3105 541 3159 studiis
559 3104 699 3159 Manuelis
718 3105 858 3160 Cretensis
878 3112 955 3161 1822.
992 3105 1136 3160 Librarius
1155 3109 1251 3161 autem
1267 3107 1366 3163 Tricli-

194 3190 274 3249 niani
298 3195 424 3249 codicem
446 3195 500 3249 hcc
523 3195 606 3249 modo
629 3193 734 3250 linivit:
758 3203 807 3249 τοῦ
829 3193 993 3266 σοφωτάτου
1012 3197 1061 3251 καὶ
1078 3194 1248 3272 λογιωτάτου
1266 3200 1365 3268 κυρίου

197 3283 337 3353 Mercurii
359 3291 409 3338 rob
428 3283 634 3354 Μοσχοττοάλου
658 3284 809 3353 ἀνεψιοῦ
827 3293 886 3339 τοῦ
904 3289 932 3339 Κ
936 3284 974 3354 ρή
980 3305 1038 3354 της
1056 3280 1190 3355 ἐξήγησις.
1228 3285 1291 3356 Sed,
1309 3286 1366 3340 nisi

195 3371 308 3442 egregie
326 3372 424 3441 fallor,
446 3376 563 3442 patruus
581 3372 631 3425 ille
649 3389 685 3426 ne
703 3372 830 3427 habebat
847 3373 962 3441 quidem
979 3390 1081 3427 nomen
1099 3373 1251 3444 Manuelis‚
1269 3391 1366 3429 verum

195 3460 359 3530 Nicephori:
379 3460 419 3516 Cf.
438 3461 678 3515 Krumbacherum
695 3461 726 3514 in
739 3462 786 3517 Iw.
801 3461 903 3516 Miiller
917 3461 1092 3531 „Handbuch
1111 3464 1160 3516 der
1178 3462 1259 3517 class.
1274 3463 1366 3518 Alter·

195 3549 469 3604 thumswissensch.“
483 3550 522 3602 IX
536 3555 601 3618 2513
627 3566 694 3620 ergo
712 3549 807 3620 potius
825 3550 888 3605 loco
908 3551 996 3605 altero
1015 3550 1068 3605 sub
1085 3550 1137 3605 illa
1156 3551 1294 3622 singulari
1311 3552 1366 3622 By-

196 3637 312 3692 zantina
335 3637 425 3692 forma
439 3638 551 3707 Κρήτης
568 3637 694 3692 invenies
715 3638 835 3693 sortasse
851 3639 1041 3709 Nicephorum
1058 3638 1273 3710 Moschopulum
1291 3640 1365 3695 Cre-

197 3727 328 3778 tensem
345 3725 523 3779 notissimum
541 3725 759 3795 metropolitam.
770 3727 928 3781 -Scholia
941 3727 1048 3797 primus
1063 3727 1154 3782 edidit
1162 3728 1365 3783 Trincavellius

197 3810 424 3882 Venetiis1537,
447 3812 566 3868 Tzetzae
588 3815 729 3884 exegesim
747 3815 950 3869 Birchmannus
968 3815 1054 3869 Basil.
1071 3822 1154 3885 1542,
1176 3816 1305 3871 Proclum
1324 3834 1367 3871 se-

196 3899 319 3970 paratim
332 3900 513 3955 Vollbehrius
531 3903 562 3956 in
575 3904 700 3959 editione
715 3904 835 3973 Operum
850 3902 1007 3956 Kiloniensi
1022 3910 1098 3958 1844.
1138 3904 1238 3959 Omnia
1257 3905 1365 3960 scholia

196 3988 343 4043 coniunxit
361 3988 546 4045 Gaisfordius.
582 3991 715 4047 Editione
732 3991 839 4045 utimur
857 3989 996 4062 lipsiensi
1009 3994 1109 4062 (1823).

287 4080 313 4147 1)
330 4076 430 4133 Edidit
442 4078 512 4133 haec
526 4078 685 4148 fragmenta
694 4079 728 4134 H.
738 4079 870 4133 Flachius
883 4079 914 4132 in
927 4079 1000 4134 libro
1014 4079 1150 4150 „Glossen
1162 4085 1220 4137 und
1234 4083 1364 4138 Scholien

196 4185 245 4220 zur
262 4166 458 4221 hesiodischcn
476 4167 655 4238 Theogonie“
675 4168 788 4238 Lipsiae
807 4172 876 4222 1876
895 4169 939 4238 (cf.
960 4170 1002 4224 ed.
1022 4169 1142 4226 Goettl.⁸
1159 4190 1186 4240 p.
1200 4171 1279 4242 LIX).

285 4257 313 4324 2)
331 4254 390 4325 „De
408 4255 525 4310 Hesiodi
545 4256 682 4326 Operibus
701 4260 730 4311 et
748 4256 853 4312 Diebus
873 4258 1090 4313 commentatio“
1110 4265 1179 4314 1838
1197 4278 1224 4330 p.
1243 4268 1328 4330 lsqq.

285 4346 312 4413 3)
331 4344 390 4413 „De
416 4348 543 4399 veterum
566 4344 727 4400 criticorum
748 4346 824 4401 notis
848 4347 886 4400 ad
907 4347 1024 4401 Hesiodi
1048 4348 1098 4418 Op.
1122 4353 1152 4403 et
1173 4349 1226 4404 D.“
1263 4349 1363 4420 Opusc.

196 4432 281 4486 Acad.
301 4433 340 4486 III
357 4439 392 4487 47
403 4452 462 4503 sqq.
553 4438 580 4505 4)
598 4435 697 4490 lehem.
717 4436 787 4492 Mus.
806 4436 884 4490 XXII
901 4455 928 4506 p.
944 4442 996 4492 587
1006 4455 1066 4506 sqq.
