3390 5178
483 362 525 418 De
545 363 666 434 Operum
683 362 809 419 versibus
829 362 865 418 ab
884 362 1009 433 antiquis
1027 361 1160 422 laudatis.
1345 362 1408 430 163

239 527 465 614 fragmentum,
488 529 575 612 quod
598 532 703 593 exstat
726 529 761 592 in
779 526 995 593 Ohoerohosci
1020 528 1151 614 scholi0,
1169 551 1207 592 ex
1227 551 1290 613 quo
1309 551 1410 593 unum

240 656 341 720 genus
367 639 518 700 neutrum
548 637 635 699 vocis
662 637 785 720 ἄφενος
811 635 892 720 legit
924 634 1009 719 apud
1035 635 1213 699 Hesiodum
1242 634 1409 719 Didymus,

239 741 284 805 nt
307 764 341 806 re
364 764 439 807 vera
462 765 490 807 v.
510 742 573 807 637
602 743 637 806 in
665 743 814 806 omnibus
837 742 930 806 libris
954 747 1003 806 est
1027 742 1087 807 οὐκ
1110 744 1243 826 ἄφενος
1265 744 1410 827 φεύγων.

240 846 361 913 Contra
384 871 401 913 e
428 849 535 914 verbis
558 849 725 913 Eustathii
748 849 788 915 ad
807 855 838 913 A
859 849 920 913 171
946 853 994 936 (et
1012 848 1144 932 Didymi
1166 846 1282 935 ipsius)
1307 849 1410 913 elucet

239 955 323 1038 apud
356 956 510 1040 quosdam
533 956 770 1039 posteriores
802 956 939 1020 inveniri
962 957 1060 1020 etiam
1091 956 1261 1020 masculini
1284 956 1409 1040 generis

239 1063 372 1148 ἄφενος,
395 1063 479 1126 unde
507 1064 619 1126 statim
643 1063 802 1146 quomodo
830 1062 915 1126 facta
943 1063 987 1126 sit
1014 1062 1196 1146 corruptela
1224 1067 1364 1146 apparet.

327 1168 449 1233 Versus
468 1169 511 1232 25
538 1170 574 1233 in
601 1192 656 1234 ore
683 1173 752 1233 erat
780 1172 877 1253 atque
900 1190 1046 1234 sermone
1069 1170 1225 1254 omniurn,
1255 1169 1293 1233 cf.
1316 1168 1410 1233 Plato

239 1274 312 1358 Lys.
330 1299 360 1359 p.
381 1275 468 1340 2150
491 1273 562 1362 (qui
585 1276 673 1340 addit
697 1276 860 1360 sequentis
883 1277 973 1359 prius
995 1272 1263 1361 hemistichium),
1286 1274 1410 1339 Aristo·

239 1383 319 1446 teles
346 1380 479 1447 Rhetor.
502 1406 532 1466 p.
556 1383 679 1448 1388a
698 1382 754 1468 16,
780 1406 809 1466 p.
827 1382 911 1446 1381
932 1383 953 1446 b
971 1382 1025 1466 15,
1052 1382 1146 1447 Polit.
1173 1405 1203 1466 p.
1224 1382 1311 1445 1312
1335 1383 1356 1446 b
1376 1383 1411 1468 43

239 1487 433 1553 Plutarchus
462 1489 500 1553 de
530 1492 634 1573 tranq.
659 1489 753 1553 anim.
777 1513 806 1573 p.
826 1489 916 1554 473ο
943 1487 1004 1575 (ed.
1029 1487 1311 1574 Be1·n.111229);
1347 1488 1410 1552 Dio

240 1593 493 1679 Chrysostomus
522 1618 566 1660 or.
586 1594 752 1681 LXXVll,
773 1599 788 1659 1
810 1619 840 1679 p.
860 1594 972 1659 65οΜ
1006 1592 1076 1680 (ubi
1106 1616 1145 1658 ex
1167 1594 1411 1680 haplographie,

240 1724 321 1786 quse
348 1705 497 1789 vocatur,
523 1713 660 1788 κεραμεῖ
685 1698 788 1788 deest)
816 1705 895 1785 etp.
916 1700 1039 1785 653M3
1068 1699 1312 1765 Ohoeroboscus
1335 1701 1411 1784 Epi-

239 1810 378 1874 merism.
402 1809 437 1872 in
459 1809 571 1892 psalm.
596 1807 657 1896 (ed.
677 1807 834 1873 Gaisfcrd.
854 1806 903 1872 Ill
922 1831 950 1891 p.
971 1807 1023 1872 95.
1043 1805 1092 1894 3),
1120 1806 1278 1872 Stobaeus
1301 1808 1337 1871 in
1363 1829 1411 1871 ca

239 1917 307 2000 pite
331 1915 407 2002 περὶ
431 1920 567 1999 φθόνον
590 1916 650 2002 (ed.
674 1915 782 1980 Hense
800 1939 829 1999 p.
851 1909 929 2001 713)
953 1914 1165 1998 Donatusque
1188 1915 1223 1978 in
1241 1913 1319 1978 Vita
1332 1913 1411 1979 Ver-

240 2023 312 2108 gilii
327 2021 473 2110 (Sueton.
488 2023 535 2087 ed.
553 2021 740 2087 Reiffersch.
759 2046 789 2106 p.
801 2020 868 2109 67),
887 2022 943 2106 qui
963 2022 1060 2085 etiam
1074 2026 1258 2105 sequentem
1275 2022 1411 2086 afferunt

238 2152 375 2194 versum.
431 2128 588 2194 Consulto
620 2130 752 2194 recessit
785 2152 803 2193 a
830 2133 923 2193 textu
950 2129 1070 2193 tradito
1097 2129 1316 2193 Philostratus
1343 2128 1411 2194 Vit.

240 2235 381 2320 Sophist.
401 2259 431 2320 p.
451 2237 517 2300 234
540 2235 601 2325 (ed.
624 2233 758 2321 Kayser.
776 2235 809 2300 H
827 2234 896 2324 54),
925 2236 981 2321 qui
1008 2241 1141 2320 propter
1168 2235 1344 2322 rhetorem,
1373 2237 1411 2300 de

240 2366 303 2428 quo
326 2344 424 2410 verba
446 2343 533 2430 facit,
556 2344 633 2408 dicit
655 2342 710 2410 καὶ
730 2344 844 2429 ῥήτορι
862 2341 999 2428 τέκτων,
1021 2343 1176 2407 memoria
1194 2365 1322 2407 versum
1339 2366 1411 2427 sup-

238 2451 396 2534 peditavit
418 2450 505 2514 haud
521 2451 569 2514 ita
591 2455 676 2515 recte
694 2449 860 2514 Prisciano
880 2447 980 2536 (corp.
1000 2469 1132 2534 gramm.
1152 2449 1207 2513 lat.
1226 2448 1259 2513 ΙΙ
1276 2474 1306 2534 p.
1322 2448 1411 2535 274),

240 2558 296 2641 qui
314 2557 400 2621 hunc
418 2558 452 2621 in
471 2557 601 2621 modum
620 2578 692 2620 eum
710 2556 904 2640 composuit:
928 2553 983 2621 acl
997 2558 1126 2640 πτωχὸς
1138 2566 1255 2642 πτωχῷ
1270 2555 1410 2640 φθονέει

239 2662 294 2728 καὶ
309 2663 436 2729 τέκτονι
457 2662 590 2745 τέκτων,
604 2666 637 2725 et
658 2661 779 2726 Mazari
796 2660 1015 2749 (Boissonade,
1030 2660 1148 2726 Anecd.
1163 2659 1212 2724 ΙΙΙ
1222 2684 1252 2744 p.
1264 2660 1352 2748 161).
1368 2699 1410 2708 -

239 2768 378 2834 Versum
393 2769 436 2834 26
451 2773 579 2853 praeter
595 2791 659 2854 eos,
674 2791 754 2853 quos
768 2769 864 2832 modo
879 2768 956 2854 dixi,
969 2768 1111 2832 laudavit
1126 2768 1223 2832 etiam
1238 2767 1411 2833 scholiasta

240 2877 280 2941 ad
307 2876 473 2960 Euripidis
498 2874 598 2940 Andr.
617 2898 645 2940 v.
661 2876 726 2939 476
749 2874 811 2963 (ed.
836 2873 1006 2962 Schwarz).
1059 2872 1149 2938 Adde
1178 2872 1354 2938 Aristidem
1377 2875 1412 2939 in

239 2982 330 3049 Alex.
349 2983 423 3067 epit.
447 2980 508 3071 (ed.
528 2982 670 3047 Dindorf
685 2982 710 3068 I,
729 2984 801 3070 138,
819 2980 862 3070 3).
891 3021 933 3029 -
961 2980 1083 3046 Versus
1111 2984 1152 3047 27
1183 2981 1332 3045 laudatus
1362 2986 1411 3046 est

239 3115 258 3155 a
286 3089 511 3155 Ohoerohosco
544 3112 628 3175 corp.
661 3113 793 3176 gramm.
818 3111 920 3175 graec.
943 3088 1000 3175 IV,
1021 3092 1095 3173 1,p.
1117 3087 1254 3153 16334
1280 3093 1412 3173 propter

239 3197 421 3262 vocativum
443 3197 531 3262 vocis
555 3196 700 3283 Πέρσης,
728 3197 784 3261 uhi
810 3197 932 3262 variam
962 3196 1132 3261 lectionem
1154 3218 1220 3260 non
1243 3196 1411 3260 statuerim

239 3306 383 3370 omnium
411 3304 533 3369 scilicet
559 3305 757 3388 reliquorum
783 3304 942 3369 librorum
964 3304 1021 3368 illo
1052 3303 1224 3369 ἐνικάτθεο
1248 3308 1413 3387 pugnante

239 3433 312 3475 cum
335 3411 431 3475 unius
455 3411 518 3475 etsi
546 3411 661 3495 optimi
688 3412 807 3476 codicis
831 3409 856 3475 O
881 3410 1051 3494 έχκᾶτθεο,
1076 3410 1112 3474 in
1138 3410 1223 3494 quod
1251 3410 1411 3494 quomodo

240 3517 356 3582 abierit
379 3517 552 3582 ένικᾶτθεο
576 3539 633 3601 per
656 3540 690 3582 se
713 3518 806 3582 facile
829 3517 1015 3601 explicatur.

328 3624 461 3688 Praeter
484 3646 573 3708 spem
595 3645 662 3688 non
684 3623 896 3688 laudaverunt
915 3646 939 3687 s.
958 3646 986 3687 v.
1009 3626 1211 3708 κακόχαρτος
1233 3625 1303 3709 ἔρις
1325 3647 1353 3689 v.
1368 3625 1410 3689 28

240 3735 386 3795 auctores
405 3730 708 3815 Etymologieorum
727 3730 851 3815 (Magni
869 3753 899 3813 p.
914 3729 990 3814 484,
1003 3728 1057 3813 47,
1074 3728 1254 3792 Florentini
1273 3752 1302 3812 p.
1320 3727 1411 3815 175);

241 3837 295 3901 sed
318 3841 424 3902 exstat
449 3836 606 3902 scholium
629 3835 855 3902 Ohoerobosci.
901 3833 1001 3899 Cuius
1025 3834 1111 3917 quod
1133 3835 1168 3897 in
1191 3834 1340 3899 lemmate
1364 3833 1411 3922 (et

241 3949 290 4009 est
319 3944 493 4008 manifesto
520 3943 637 4008 lemma
668 3943 749 4008 illud
780 3966 797 4007 e
830 3942 961 4007 scholiis
998 3939 1236 4029 conservatum)
1273 3941 1410 4026 legimus

239 4053 440 4137 κακόχαρτος
468 4053 536 4151 ξρις
561 4051 689 4115 inverso
718 4049 842 4134 ordine,
873 4052 928 4113 aut
955 4049 1077 4112 factum
1104 4051 1154 4113 est
1177 4048 1217 4111 ab
1240 4047 1336 4112 lexici
1359 4072 1411 4113 au-

240 4163 338 4244 ctore,
360 4162 397 4222 ut
421 4157 544 4223 scholio
567 4158 605 4221 de
628 4160 829 4243 κακόχαρτος
852 4156 973 4240 scripto
992 4176 1069 4219 suus
1093 4177 1151 4239 pro
1176 4155 1285 4220 ordine
1303 4156 1411 4240 alpha-

240 4265 308 4330 beti
339 4264 430 4330 locus
455 4269 553 4350 esset,
585 4269 641 4328 aut
664 4264 705 4329 ab
736 4265 808 4348 ipso
839 4262 1078 4347 Choerobcseo,
1107 4266 1145 4325 ut
1177 4284 1240 4346 qua
1267 4263 1305 4328 de
1334 4285 1411 4329 voce

241 4376 371 4437 acturus
395 4376 490 4459 esset,
511 4371 627 4436 melius
649 4371 819 4455 indicaret3
840 4392 944 4454 neque
969 4369 1042 4433 inde
1065 4369 1160 4434 datur
1183 4369 1410 4435 adminiculum

240 4478 440 4544 coniecturae
468 4477 637 4564 Lennepii,
666 4478 722 4562 qui
744 4477 951 4561 transpositis
973 4497 1084 4541 versus
1111 4474 1217 4540 verbis
1250 4481 1282 4540 et
1313 4477 1410 4560 paulo
1497 4564 1500 4569 ,

1143 4580 1197 4634 11*
