3390 5178
444 376 576 447 Didymei
594 377 631 431 ad
651 376 743 447 Opera
762 376 955 432 commentarii
972 376 1139 447 fragmenta.
1315 377 1380 442 155

208 541 254 618 ὡς
279 545 463 626 Φιλόχορος
486 540 575 625 λέγει
598 539 652 607 καὶ
677 542 911 626 Κλειτόδημος,
934 541 1115 626 ἀμφότεροι
1139 540 1289 626 ἐξηγηταὶ
1313 553 1380 607 τῶν

208 651 357 733 πατρίων
384 649 513 733 ἄνδρες.
562 646 648 712 Nam
677 648 854 731 requiritur
877 648 970 712 credo
994 647 1126 712 alterius
1149 647 1304 713 Atthidos
1327 672 1380 712 au-

208 755 306 819 ctoris
329 776 455 819 nomen
500 755 569 820 lam
592 776 609 818 e
632 776 667 818 re
690 758 739 819 est
761 755 867 819 visum
890 777 964 819 cum
985 753 1179 820 Philochoro
1202 755 1379 820 clarissimo

208 862 469 945 antiquissimum
501 862 709 949 coniungere,
740 884 835 946 quem
867 862 968 927 fuisse
996 860 1212 927 Clitodemum
1241 865 1380 926 testatur

87 1043 91 1051 ι
207 967 384 1033 Pausanias
402 967 434 1032 X
456 967 506 1054 15,
523 967 553 1033 5.
608 968 729 1034 Tamen
760 991 828 1033 rem
857 969 1013 1033 incertam
1041 989 1110 1032 esse
1136 969 1206 1052 ipse
1233 968 1379 1033 concedo.

207 1074 252 1139 llt
274 1074 345 1139 loco
369 1072 444 1161 περὶ
467 1075 609 1161 ἡμερῶν,
631 1096 703 1139 cum
725 1075 779 1139 hic
796 1074 984 1140 Philochori
1006 1075 1088 1139 liber
1107 1075 1234 1140 aliunde
1252 1077 1381 1139 nonsit

207 1185 304 1247 notus
332 1182 493 1265 verbaque
522 1182 689 1265 potuerint
716 1203 823 1246 errore
849 1182 938 1246 nasci
965 1203 1004 1245 ex
1033 1205 1067 1247 re
1094 1182 1164 1266 ipsa
1193 1183 1227 1246 in
1250 1181 1380 1246 scholiis

208 1288 379 1375 explicata,
405 1289 543 1353 fortasse
570 1293 619 1353 est
647 1279 850 1353 scribendum
876 1287 952 1376 περὶ
974 1295 1120 1374 θυσιῶν,
1148 1289 1266 1373 quippe
1289 1289 1380 1353 cuius

207 1395 284 1458 libri
311 1394 384 1459 aliis
412 1417 539 1478 quoque
563 1395 758 1460 testimoniis
781 1395 902 1460 firmati
925 1400 1153 1481 argumentum
1176 1396 1380 1480 aptissimum

209 1503 253 1567 sit
276 1501 388 1566 adres
413 1522 519 1566 sacras
542 1502 734 1566 tractandas.

295 1607 500 1673 Postremum
539 1608 672 1692 Didymi
712 1608 929 1694 fragmentum
970 1609 1150 1675 invenimus
1185 1611 1220 1673 in
1257 1609 1379 1674 scholio

209 1714 426 1780 Choerobosci
449 1716 489 1779 ad
510 1736 638 1779 versum
662 1719 861 1799 postremum
879 1739 909 1799 p.
924 1715 1001 1801 447,
1015 1715 1071 1780 17:
1095 1718 1224 1792 τούτοις
1247 1712 1285 1780 δὲ
1304 1716 1380 1780 ἐπά-

208 1825 327 1905 γουσίν
349 1847 438 1899 τινες
461 1822 522 1904 τὴν
537 1819 844 1906 Όρνιθομαντείοιν,
870 1822 966 1887 ἅτινα
982 1821 1202 1900 Ἀπολλώνιος
1225 1821 1381 1900 ὁῬόόιος

208 1927 359 2016 ἀθειεϊ.1)
414 1927 501 2005 Quae
534 1927 632 1992 verba
664 1928 824 2012 quomodo
853 1929 918 1992 sint
945 1928 1168 2014 intelligenda,
1189 1928 1292 1994 adhuc
1320 1928 1380 1993 sub

207 2036 312 2100 iudice
339 2035 381 2100 lis
410 2039 467 2101 est.
511 2033 658 2121 uranu),
686 2035 742 2118 qui
769 2036 934 2099 crederent
961 2034 1001 2099 ab
1024 2034 1199 2119 Apollonio
1222 2036 1381 2119 proscribi

209 2141 514 2228 Ornithomantiam,
530 2142 621 2207 cuius
640 2141 790 2206 carminis
807 2142 847 2205 ad
866 2140 970 2225 Opera
989 2142 1104 2206 adnexi
1123 2163 1234 2206 causas
1253 2164 1381 2226 quaere-

208 2249 288 2313 bant
312 2271 351 2313 ex
373 2249 547 2333 postremis
572 2271 683 2314 eorum
705 2249 860 2315 versibus.
913 2246 1035 2314 Contra
1058 2245 1164 2336 aliisi)
1186 2246 1380 2333 Apollonius

208 2356 340 2439 insuper
354 2354 434 2421 duos
449 2356 521 2442 (cur
538 2377 605 2420 non
623 2353 725 2443 tres‘l)
746 2360 926 2439 postremos
944 2377 1056 2421 versus
1072 2355 1211 2439 Operum
1226 2356 1380 2421 delevisse

157 2494 159 2497 ·
208 2462 295 2527 visus
315 2466 364 2527 est
383 2462 422 2527 ad
441 2465 543 2527 artius
565 2462 786 2546 coniungenda
805 2462 946 2526 carmina
964 2463 1073 2546 fictos3
1097 2462 1233 2545 denique
1253 2463 1382 2526 exstite-

208 2565 328 2655 runt4),
347 2569 403 2652 qui
417 2569 571 2652 suspicati
584 2569 719 2632 eundem
733 2568 882 2632 adfinem
897 2572 1002 2633 totam
1015 2568 1099 2633 hanc
1109 2567 1244 2632 Dierum
1257 2571 1381 2651 partem

208 2678 322 2758 postea
353 2696 422 2739 esse
453 2675 668 2758 conscriptam
695 2678 803 2739 tamen
833 2674 916 2738 hanc
944 2696 1035 2738 suam
1064 2674 1256 2739 sententiam
1282 2673 1381 2758 Apol-

207 2780 289 2845 lonii
317 2803 445 2865 quoque
471 2781 572 2845 fuisse
599 2803 666 2845 non
692 2781 820 2864 possint
846 2780 1020 2867 affirmare,
1047 2803 1128 2865 quos
1156 2803 1225 2845 eam
1250 2781 1291 2845 ob
1313 2803 1381 2845 rem

208 2909 294 2952 nune
303 2887 535 2973 praetermitto,
568 2886 677 2971 Atque
686 2886 813 2952 Lehrsii
824 2908 1007 2972 eorumque,
1022 2887 1165 2972 quicum
1180 2890 1256 2951 sunt
1271 2888 1382 2974 secuti,

211 2995 403 3060 sententiam
426 3016 559 3077 prorsus
583 2994 740 3077 improbo.
785 2992 871 3059 Nam
892 2994 955 3060 hoc
978 3016 1054 3059 sane
1075 3015 1185 3059 onmes
1207 2995 1382 3080 negabunt,

208 3107 342 3187 propter
360 3124 461 3166 unum
479 3123 607 3168 versum
621 3101 696 3188 828,
719 3101 867 3184 quicum
886 3101 953 3167 ullo
976 3102 1235 3186 praecedentium
1258 3102 1381 3167 conecti

207 3209 334 3295 nequit,
366 3209 527 3292 verbaque
558 3211 701 3293 ὄρνιθας
729 3211 870 3295 κρίνων,
899 3208 1017 3292 quibus
1048 3231 1133 3273 nova
1165 3213 1261 3293 atque
1293 3209 1382 3273 inau-

208 3314 276 3379 dita
299 3337 350 3380 res
374 3315 493 3379 dicitur
516 3319 613 3398 atque
636 3315 669 3379 id
691 3315 725 3378 in
747 3319 911 3399 postrema
933 3319 1024 3399 parte
1047 3316 1212 3403 carminis,
1231 3314 1381 3380 Ornitho-

208 3421 364 3485 mantiam
396 3421 608 3505 compositam
636 3443 720 3506 esse,
751 3425 789 3485 ut
820 3421 893 3485 inde
920 3421 1108 3487 concludere
1130 3423 1226 3488 liceat
1253 3445 1381 3488 versum

208 3527 355 3610 ineptum
382 3527 598 3612 antiquiorem
624 3549 692 3591 esse
719 3527 782 3592 hoc
809 3528 1034 3611 antiquissimo
1062 3530 1210 3595 carmine.
1261 3528 1381 3595 Contra

208 3637 294 3697 recte
321 3630 560 3699 Sohoemannus
587 3634 775 3718 provocavit
802 3635 842 3698 ad
869 3634 1074 3719 Theogoniae
1097 3636 1177 3700 duos
1200 3639 1381 3719 postremos

298 3793 324 3859 1)
347 3790 389 3845 De
418 3790 562 3860 Apollonii
589 3790 694 3844 Rhodii
722 3790 824 3844 studiis
856 3789 1003 3845 Hesiodeis
1031 3790 1159 3845 conferas
1187 3792 1275 3846 etiam
1302 3791 1381 3846 Scuti

209 3897 267 3950 arg.
285 3879 332 3935 IH.

299 3970 325 4037 2)
344 3968 476 4023 Lehrsius
503 3969 534 4022 in
552 3967 731 4037 „Quamtion
756 3967 893 4037 epicae.“;
920 3966 1178 4022 Marckscheffelius
1201 3967 1231 4021 in
1253 3967 1326 4022 libro
1346 3968 1381 4023 de

207 4056 325 4112 Hesiodi
352 4057 452 4127 fragm.
475 4076 502 4126 p.
519 4062 570 4110 172
580 4074 635 4125 sq,
660 4055 840 4111 Vollbehrius
864 4055 895 4109 in
916 4054 1136 4126 prolegomenon
1158 4055 1291 4110 editionis
1314 4072 1381 4110 suae

208 4146 262 4199 fine
284 4165 311 4217 p.
332 4151 379 4214 823
411 4145 444 4201 H.
473 4145 604 4200 Flaohius
633 4144 702 4213 „das
730 4143 846 4199 dialelrt.
874 4144 1024 4216 Digamma
1052 4145 1101 4199 des
1128 4145 1282 4199 Hesiodos“
1311 4151 1380 4199 1876

207 4253 235 4305 p.
250 4241 282 4289 61
293 4237 364 4303 not.;
385 4234 518 4289 Steitzius
538 4233 658 4303 „Werke
676 4233 735 4286 und
753 4233 831 4304 Tage
849 4234 899 4287 des
917 4233 1071 4289 Hesiodos“
1090 4252 1117 4304 p.
1133 4239 1192 4288 181.

297 4325 323 4392 3)
343 4323 552 4378 Schoemannus
579 4321 679 4392 Opusc.
708 4322 795 4377 Acad.
814 4321 854 4376 III
867 4341 893 4392 p.
910 4329 957 4387 543
984 4322 1132 4377 Michaelis
1160 4321 1190 4376 in
1213 4321 1380 4391 fragmentis

208 4410 351 4480 Apollonii
369 4411 474 4465 Rhodii
491 4430 517 4482 p.
532 4417 575 4465 42.
1452 4411 1453 4414 ’

297 4500 325 4570 4)
335 4499 481 4571 >Bergkius
500 4499 628 4571 „Griech
646 4499 819 4571 Littgesch.“
832 4499 846 4553 I
860 4504 912 4555 958
921 4502 978 4557 not.
989 4505 1032 4555 42.
1142 4554 1145 4558 ,
