3390 5178
474 354 516 409 De
536 355 657 426 Operum
675 355 802 410 versibus
821 354 857 408 ab
877 354 1001 424 antiquis
1019 353 1152 409 laudatis.
1340 355 1404 420 119

233 518 335 607 iord),
365 520 420 604 qni
451 524 558 585 totum
589 518 687 585 istum
716 519 824 584 locum
850 541 868 583 e
894 518 1040 583 Platonis
1064 515 1195 602 Cratylo
1227 518 1405 603 exscripsit,

229 631 326 710 atque
353 626 454 710 ipsius
476 625 638 713 Platonis,
666 626 722 710 qui
744 625 879 690 vv.122
903 630 936 690 et
961 624 1025 689 123
1052 624 1196 689 laudavit
1219 623 1355 708 Republ.
1374 623 1406 689 V

229 756 259 817 p.
278 732 385 817 469a3
417 733 474 797 ubi
502 754 578 798 sane
612 733 785 797 memoriae
815 732 955 797 confisus
985 736 1034 796 est
1063 732 1098 795 in
1127 731 1301 815 laudando,
1332 731 1406 795 inde

228 840 313 903 facta
336 843 413 903 sunt
436 838 633 905 τελέθουσιν
660 861 719 924 pro
743 838 917 905 καλέονται
946 843 979 904 et
1001 840 1155 923 μερόπων
1177 844 1406 921 protiverat»,

229 946 284 1010 sed
317 946 352 1009 in
391 945 547 1010 vocabulo
589 945 777 1031 ἐπιχθόνιοι
816 945 984 1010 scribendo
1019 966 1087 1009 non
1125 947 1234 1028 potest
1274 966 1406 1028 errasse,

229 1053 348 1136 quippe
378 1052 413 1116 in
445 1075 508 1136 quo
538 1051 586 1119 ibi
615 1056 687 1117 tcta
717 1053 761 1117 sit
789 1054 898 1137 posita
927 1052 976 1116 vis
1007 1051 1191 1116 sententiae.
1237 1049 1300 1126 Qui
1321 1050 1407 1114 hunc

228 1158 373 1223 Platonis
392 1162 500 1224 totum
517 1159 625 1224 locum
644 1159 685 1224 ad
704 1159 838 1224 verbnm
857 1159 1094 1242 exscripserunt
1112 1156 1273 1241 simulque
1294 1179 1405 1222 versus

230 1264 408 1330 Hesiodeos
435 1264 597 1330 Eusebius
632 1267 667 1330 in
694 1266 877 1350 Praeparat.
902 1265 1044 1351 evangel.
1071 1262 1165 1349 XIII,
1190 1264 1229 1329 11
1258 1287 1289 1349 p.
1313 1264 1407 1328 osae

229 1369 294 1458 (ΙΠ
315 1373 377 1438 189
397 1371 507 1460 Dind.)
527 1377 558 1437 et
582 1372 802 1460 Hermogenes
825 1374 861 1437 in
881 1373 965 1438 libro
989 1370 1064 1457 περὶ
1088 1374 1188 1437 (θεῶν
1210 1372 1296 1455 apud
1318 1371 1407 1435 Wal—

229 1479 311 1542 zium
327 1478 421 1544 Rhet.
442 1500 488 1565 gr.
506 1475 556 1543 111
573 1503 603 1564 p.
619 1480 694 1565 320,
714 1482 765 1567 18,
779 1481 870 1545 euius
889 1480 924 1544 in
942 1479 1027 1543 libro
1041 1478 1208 1543 Platonico
1227 1482 1406 1543 correctum

229 1590 297 1650 erat
320 1593 467 1670 θνητῶν,
491 1608 603 1651 eorum
625 1588 822 1652 testimoniis
846 1587 976 1672 propria
999 1586 1175 1650 auotoritas
1199 1588 1249 1649 est
1270 1585 1369 1650 nulla.

317 1692 410 1757 Alter
428 1697 536 1758 autem
562 1680 704 1759 eiusdem
723 1698 820 1778 atque
840 1693 986 1759 Platonis
1011 1697 1120 1757 textus
1141 1697 1191 1757 est
1215 1696 1315 1757 testes
1334 1691 1406 1756 Ari-

230 1800 338 1886 stides,
361 1801 417 1884 qui
440 1801 474 1864 in
498 1801 644 1866 oratione
666 1798 750 1888 ὑπὲρ
777 1813 845 1866 τῶν
869 1825 972 1885 seruo.
991 1798 1024 1865 II
1042 1799 1118 1884 230,
1136 1800 1157 1863 2
1176 1798 1271 1863 Dind.
1294 1799 1407 1864 attulit

229 1928 339 1970 versus
364 1907 428 1971 122
452 1911 485 1972 et
510 1907 589 1993 1233
619 1908 676 1971 ubi
703 1908 782 1972 item
811 1907 937 1972 librarii
965 1906 1115 1971 nonnulli
1138 1928 1197 1991 pro
1227 1906 1313 1971 iusto
1338 1905 1407 1972 ἑτι-

228 2016 372 2098 χθόνιοι,
395 2014 482 2098 quod
500 2015 541 2079 ab
563 2037 602 2079 eo
625 2015 745 2079 lectum
768 2014 869 2079 fuisse
887 2037 926 2078 ex
944 2014 1047 2098 ipsius
1067 2013 1286 2098 disputatione
1308 2002 1407 2097 patet,

228 2125 439 2186 exaraverunt
456 2122 665 2206 ὑποχθόνιοι.
711 2120 804 2197 Quod
827 2121 922 2185 modo
945 2120 1129 2185 monuimus
1153 2119 1191 2184 de
1208 2119 1350 2184 Eusebio
1374 2123 1407 2182 et

228 2225 444 2314 Hermogene,
466 2227 552 2293 valet
574 2227 730 2293 hocloco
753 2229 792 2292 de
814 2226 933 2292 Photio
956 2226 1041 2292 Bibl.
1060 2249 1090 2312 p.
1110 2226 1175 2290 693
1189 2224 1222 2290 H
1246 2224 1290 2312 (p
1308 2225 1404 2289 4272

228 2333 275 2397 ed.
306 2332 462 2420 Belrker),
491 2335 547 2419 qni
577 2339 684 2399 totum
717 2334 803 2400 hunc
838 2334 945 2399 locum
977 2333 1147 2417 exscripsit
1181 2354 1221 2396 ex
1250 2331 1403 2397 Aristide.

228 2439 357 2505 'lortius
385 2446 494 2505 antem
519 2442 629 2506 veniat
654 2442 689 2506 in
715 2442 857 2506 medium
884 2440 1030 2506 Platonis
1053 2438 1271 2523 Aristidisque
1299 2439 1405 2503 socius

228 2545 429 2631 Plutarchus,
445 2548 500 2631 qui
514 2547 619 2611 tribus
632 2547 721 2633 locis,
736 2549 855 2633 quibus
871 2546 1076 2612 adumbravit
1091 2567 1219 2611 sensum
1232 2545 1329 2609 huius
1344 2544 1406 2608 He-

229 2652 329 2716 siodei
347 2653 409 2717 loci
428 2654 530 2738 ipsius
549 2658 662 2738 poetae
680 2653 787 2719 verbis
805 2653 971 2719 nonnullis
991 2651 1072 2741 (non
1091 2652 1237 2717 versibus
1256 2649 1405 2739 integris)

229 2781 364 2843 prosae
387 2760 559 2825 orationi
577 2761 721 2846 intextis,
745 2761 782 2825 de
800 2759 842 2825 Is.
861 2765 894 2825 et
912 2759 965 2825 Os.
984 2783 1015 2845 p.
1031 2759 1128 2823 3611)
1148 2756 1195 2845 (Π
1209 2755 1345 2844 4913),
1368 2759 1407 2823 de

229 2866 339 2931 defect.
355 2888 437 2931 orac.
456 2890 487 2951 p.
501 2866 599 2931 4111)
617 2864 682 2953 (ΠΙ
696 2867 737 2931 81
748 2866 810 2956 B.),
828 2866 905 2933 ibid
919 2891 949 2952 p.
964 2867 1028 2932 431
1041 2888 1058 2931 e
1072 2863 1136 2953 (ΠΙ
1150 2888 1180 2950 p.
1197 2864 1262 2928 124
1268 2862 1319 2952 Β.)
1334 2886 1406 2929 con·

228 2973 337 3037 firmat
359 2995 452 3038 voces
475 2973 582 3060 ἁγνοί,
609 2973 808 3060 ἐπιχθόνιοι,
831 2976 977 3059 φύλακες
999 2981 1136 3058 θνητῶν
1158 2971 1351 3056 ἀνθρώπων
1373 2976 1406 3036 et

228 3080 284 3144 illa
308 3101 389 3164 quae
420 3085 496 3145 sunt
525 3081 560 3145 in
582 3104 611 3147 v.
633 3082 705 3148 126.
750 3080 947 3146 Themistius
971 3080 1083 3145 rhetor
1105 3083 1216 3143 utrum
1238 3077 1406 3144 Platonem

228 3187 434 3271 exscripserit
457 3189 629 3273 enipeum
652 3187 832 3253 Hesiodum
854 3189 890 3253 in
912 3188 1058 3253 oratione
1080 3187 1115 3250 in
1137 3189 1264 3270 patrem
1286 3208 1317 3270 p,
1340 3187 1407 3252 294

230 3294 322 3382 (edit.
334 3293 519 3382 Dindorfii),
537 3295 696 3360 incertum
714 3300 776 3380 est,
796 3295 949 3360 describit
966 3294 1137 3359 daemones
1152 3291 1323 3357 Hesiodeis
1342 3294 1406 3376 epi-

228 3400 329 3463 thetis
352 3423 430 3465 usus
436 3451 445 3485 ,
473 3402 509 3465 in
539 3401 591 3466 his
614 3424 693 3467 voce
715 3401 910 3480 ἀλεξίκακοι.
956 3400 1065 3466 Verba
1094 3401 1240 3485 φύλακες
1269 3407 1406 3483 θνητῶν

229 3505 419 3591 ἀνθρώπων
432 3507 586 3592 leguntur
599 3507 697 3572 etiam
710 3508 745 3572 in
760 3508 891 3573 scholiis
905 3507 1087 3572 Homericis
1102 3506 1141 3571 ad
1155 3504 1260 3571 4222
1271 3504 1302 3594 (Ι
1312 3505 1405 3595 3611;

228 3608 384 3676 111421)
404 3642 446 3664 =
465 3611 559 3677 Matr.
578 3612 698 3678 Anecd.
717 3634 764 3699 gr.
783 3635 812 3697 p.
832 3614 907 3699 409,
926 3612 993 3700 25).
1039 3611 1161 3678 Contra
1182 3634 1254 3677 oum
1272 3612 1406 3677 Platone

229 3717 403 3781 Plutarcho
433 3716 577 3784 Aristide
609 3724 734 3804 pugnat
770 3718 958 3784 Lactantius
989 3719 1091 3784 instit.
1121 3719 1181 3783 div.
1210 3716 1310 3783 1114
1345 3717 1405 3804 (ed.

228 3823 392 3888 llritzsche
419 3849 450 3909 p.
471 3823 559 3914 105),
588 3827 645 3910 qui
674 3825 840 3911 vulgatam
869 3826 1087 3890 recensionem
1118 3824 1295 3908 exscripsit.
1337 3823 1405 3888 Me-

229 3931 358 3996 crobius
386 3953 467 4016 quae
490 3933 583 3997 docet
605 3932 641 3996 in
663 3933 896 3998 commentario
920 3932 961 3996 ad
984 3930 1092 3997 Somn.
1117 3928 1277 4015 Scipionis
1299 3929 1317 3993 Ι
1335 3932 1365 4014 9,
1384 3932 1404 3994 6

229 4037 273 4126 (p.
292 4036 356 4104 511
382 4038 428 4103 ed.
448 4038 685 4127 Eyssenhardt)
708 4040 891 4105 confusiora
914 4043 1004 4126 sunt,
1032 4060 1129 4123 quam
1156 4042 1194 4102 ut
1218 4037 1283 4101 sint
1306 4037 1404 4101 ullius

228 4145 323 4210 nobis
346 4146 510 4211 momenti.

318 4251 380 4318 Sed
402 4253 467 4317 iam
498 4254 677 4342 quaeritur,
702 4253 881 4341 legerintne
908 4253 1002 4319 Plato
1030 4252 1222 4318 Plutarchus
1244 4250 1404 4316 Aristides

229 4382 284 4424 eos
306 4382 432 4445 versus,
460 4360 516 4445 qni
545 4361 679 4425 suntin
702 4361 940 4426 nostris'libris
965 4360 1030 4425 124
1053 4364 1086 4424 et
1111 4358 1183 4425 125.
1229 4358 1322 4436 Quod
1344 4380 1404 4444 ego

229 4483 312 4552 nego
341 4467 436 4531 nixus
467 4472 657 4553 argumento
688 4490 726 4532 ex
755 4468 899 4554 silentio,
929 4467 1015 4552 quod
1044 4470 1185 4532 vocatur.
1231 4464 1316 4532 Nam
1338 4488 1405 4531 non

1138 4570 1190 4624 ιν*
