3390 5178
292 298 358 362 200
545 294 587 347 De
605 291 727 361 Operum
745 290 870 345 versibus
889 291 926 345 ab
945 289 1069 358 antiquis
1087 289 1220 344 laudatis.

292 482 402 525 versus
425 457 629 543 redigimtur,
659 455 727 519 eius
750 455 882 538 propria
909 454 1100 538 iudicemus3
1129 453 1216 537 quod
1243 455 1281 517 ut
1303 452 1469 539 faciamus,

265 616 271 628 .
292 588 461 633 monemur
483 564 554 648 ipso
577 565 731 627 contextu
755 561 824 627 eius
852 561 1099 645 sententiarum,
1130 560 1186 644 qui
1208 560 1380 625 manifesto
1404 563 1467 646 γάρ

293 673 446 758 postulat.
492 670 629 735 Minoris
654 671 730 734 sunt
758 668 945 733 testimonia
968 667 1135 732 Eustathii
1162 690 1193 751 p.
1215 665 1310 753 1868,
1329 666 1350 728 2
1373 671 1406 730 et
1428 666 1468 731 ad

293 778 381 844 Iliad.
401 758 431 862 pi
453 778 526 865 179,
546 776 597 863 10,
621 776 677 860 qui
704 775 775 840 loco
801 775 908 858 priore
932 796 1060 838 versum
1083 773 1194 837 attulit
1217 774 1280 838 287
1306 773 1468 860 integrum

293 888 426 970 propter
449 882 718 970 significationem
746 881 834 946 vocis
857 883 1032 967 κακότητα,
1060 880 1162 945 altero
1190 879 1347 944 nonnulla
1369 880 1468 945 verba

294 993 332 1057 ad
362 991 584 1077 explicandum
607 1011 701 1054 usum
725 987 872 1053 vocabuli
897 989 1027 1073 ttcddv3
1055 987 1154 1052 simili
1177 986 1272 1051 modo
1297 985 1470 1051 scholiasta

293 1098 458 1183 Euripidis
474 1097 514 1162 ad
527 1095 659 1181 Hippol.
675 1095 739 1159 379
755 1092 858 1160 Schw.
873 1098 905 1158 et
919 1094 1063 1159 Medeam
1078 1095 1143 1159 290
1158 1091 1271 1181 Schw.‚
1289 1094 1345 1177 qui
1363 1094 1469 1177 priore

293 1206 364 1270 loco
397 1226 525 1279 versum
555 1202 619 1269 287
649 1205 682 1265 et
709 1187 774 1268 289
805 1199 913 1287 (abest
942 1204 1051 1265 tamen
1080 1200 1133 1264 hic
1163 1200 1369 1264 anonnullis
1401 1200 1469 1264 eius

294 1309 417 1398 libris),
447 1311 548 1375 altero
572 1332 600 1373 v.
624 1308 689 1373 289
721 1308 840 1372 attulit.
892 1307 1037 1391 Uterque
1072 1308 1236 1391 conspirat
1270 1329 1343 1372 cum
1375 1308 1468 1373 libris

294 1418 474 1504 Hesiodeis,
497 1417 530 1481 in
550 1415 668 1501 quibus
688 1415 785 1479 etiam
805 1413 835 1479 A
852 1436 994 1479 numera.
1032 1412 1109 1479 Non
1126 1414 1173 1478 ita
1192 1413 1251 1500 illi,
1274 1436 1355 1499 quos
1374 1415 1469 1479 initio

295 1524 369 1589 dixi.
415 1524 559 1601 Quorum
578 1526 685 1587 textus
705 1526 768 1586 est:

384 1650 447 1714 287
473 1650 533 1732 τὴν
552 1645 613 1731 μὲν
636 1648 709 1734 γὰρ
732 1648 894 1729 κακότητα
912 1644 966 1711 καὶ
992 1647 1109 1711 ἰλαδὸν
1132 1648 1222 1710 ἔστιν
1247 1643 1382 1711 ἑλέσθαι

295 1771 398 1860 (Xen,
421 1772 520 1858 Plut.;
550 1771 696 1837 Platonis
723 1772 784 1855 τὴν
811 1767 873 1855 μὲν
899 1773 1062 1854 κακότητα
1088 1770 1157 1835 noli
1180 1771 1324 1856 redigere
1347 1770 1381 1835 in
1404 1793 1471 1835 ver-

297 1902 383 1965 sum,
407 1880 498 1944 cuius
521 1878 683 1963 posterius
712 1881 840 1943 tantum
862 1877 1104 1942 hemistichium
1131 1875 1187 1942 ille
1210 1876 1334 1962 laudat3
1364 1877 1472 1961 priora

298 1991 374 2052 sunt
395 1986 542 2051 Platonis
565 1976 669 2069 ipsius
693 1982 816 2069 verba),
839 1988 891 2055 et,

333 2111 397 2174 288
422 2111 571 2194 ῥηιδίως·
595 2114 680 2192 λείη
704 2106 818 2195 (latu)
842 2106 903 2192 μὲν
926 2109 1014 2191 ὁδός,
1037 2110 1124 2193 μάλα
1148 2104 1179 2174 d'
1206 2109 1326 2193 ἐγγύθι
1349 2114 1435 2176 ναίει

298 2232 402 2320 (Xon,
420 2232 512 2317 Plat,
530 2232 614 2297 Plut.
629 2233 701 2297 loco
717 2230 842 2319 altero).
880 2230 1030 2297 Ceterum
1049 2233 1256 2298 scholiastam
1269 2234 1471 2300 Platonicum

297 2340 336 2405 ad
355 2339 510 2426 Gorgiam
528 2364 558 2425 p.
578 2340 671 2404 4590
694 2340 811 2423 prioris
830 2340 938 2405 variae
956 2340 1104 2404 lectionis
1122 2362 1189 2405 non
1207 2341 1327 2406 advoco
1346 2345 1471 2426 testem,

297 2469 369 2512 cum
391 2447 511 2511 omisso
535 2447 592 2511 illo
618 2446 798 2511 necessario
822 2446 883 2531 μέν
906 2447 961 2510 ille
984 2452 1112 2512 moveat
1130 2447 1346 2532 suspicionem
1370 2448 1409 2511 ab
1434 2470 1471 2512 eo

296 2554 417 2619 librum
448 2553 644 2618 Hesiodeum
675 2576 743 2618 non
770 2576 839 2618 esse
868 2554 1057 2638 inspectum.
1083 2593 1118 2600 -
1148 2552 1270 2618 Versus
1299 2555 1363 2619 289
1388 2555 1473 2638 apud

297 2662 425 2727 eosdem
452 2660 602 2725 laudatus
634 2681 702 2724 non
730 2660 838 2724 differt
861 2684 880 2724 a
903 2682 998 2725 versu
1021 2661 1196 2746 librorum3
1228 2683 1332 2745 neque
1360 2661 1472 2725 discre-

296 2769 407 2852 pantia
430 2769 514 2831 inest
539 2767 623 2851 apud
646 2766 854 2831 scholiastam
871 2766 962 2830 Pind.
982 2765 1017 2831 O.
1037 2765 1083 2831 Vl
1103 2767 1146 2830 14
1168 2791 1197 2851 p.
1216 2768 1277 2831 131
1299 2766 1419 2831 Boekh.
1439 2769 1472 2831 et

297 2872 333 2939 Ο.
352 2872 399 2937 ΙΧ
419 2873 478 2938 161
502 2897 532 2957 p.
553 2874 618 2939 230
628 2873 678 2959 B.;
701 2872 861 2958 Agathias
891 2894 963 2937 cum
990 2873 1131 2958 primum
1159 2896 1288 2938 versum
1310 2873 1386 2937 fecit
1408 2874 1472 2957 epi·

297 2981 486 3066 grammatis
518 2980 553 3044 in
587 2981 718 3044 domum
750 2980 846 3044 sitam
883 2980 918 3044 in
949 2979 1089 3044 culmine
1120 2979 1270 3064 Byzantii
1299 2980 1473 3064 conscripti

296 3086 430 3152 Anthol.
449 3086 552 3150 Palat.
571 3085 618 3149 IX
637 3084 702 3149 653
731 3086 903 3169 omisitque
936 3107 1005 3149 eam
1038 3086 1080 3150 ob
1110 3110 1177 3151 rem
1207 3087 1399 3171 particulam
1427 3084 1472 3168 δ’,

297 3192 348 3256 cui
371 3193 406 3256 in
429 3192 523 3256 initio
553 3192 708 3274 poematii
735 3192 826 3256 nulla
859 3196 909 3256 est
932 3191 1034 3278 sedes3
1062 3193 1269 3279 neglegenter
1293 3192 1473 3258 Contoleon

297 3298 332 3361 in
358 3297 470 3361 Iliadis
504 3301 694 3384 argumento
727 3298 811 3381 apud
840 3297 1043 3384 Matrangam
1072 3298 1189 3365 Anecd.
1209 3322 1256 3386 gr.
1281 3324 1310 3385 p.
1331 3300 1411 3387 503,
1430 3300 1478 3364 28·
1586 3393 1589 3396 .

296 3407 372 3488 post
395 3413 454 3487 τῆς
475 3405 668 3488 particulam
686 3406 749 3493 γάρ
773 3406 920 3493 inseruit,
943 3429 1006 3491 qua
1030 3430 1158 3472 versum
1182 3408 1339 3493 corrupit3
1361 3429 1473 3471 rursus

297 3532 364 3575 non
394 3511 515 3576 distant
548 3511 769 3598 Hermogenes
801 3514 836 3577 in
864 3515 1159 3600 progymnasmatis
1188 3513 1321 3602 (Walzii
1343 3512 1473 3578 Rhetl

298 3640 328 3700 p.
342 3618 395 3703 23,
412 3616 446 3705 7)
466 3619 704 3704 scholiastaque
723 3620 762 3683 ad
776 3619 898 3684 Lucani
911 3620 959 3684 IX
973 3620 1038 3685 402
1053 3617 1097 3707 (p.
1113 3621 1188 3708 300,
1201 3621 1245 3685 20
1263 3606 1310 3687 ed.
1324 3618 1472 3706 Usener.)

297 3745 401 3808 neque
428 3729 540 3790 auctor
567 3725 734 3813 Florilegii
761 3725 964 3791 Monacensis
992 3727 1077 3811 apud
1103 3727 1319 3792 Meineckium
1341 3727 1473 3792 111810-

297 3831 421 3896 beianis
435 3831 483 3897 IV
496 3855 527 3919 p.
542 3833 608 3899 275
628 3838 660 3897 et
674 3831 776 3897 Orion
789 3833 825 3897 in
838 3832 1125 3919 Antholognomici
1146 3835 1249 3919 capite
1263 3831 1338 3918 περὶ
1357 3833 1475 3918 ἀρετῆς

298 3937 362 4003 VH
383 3940 424 4004 12
438 3962 468 4023 p.
484 3939 550 4005 260
568 3939 675 4025 Mein,
695 3961 833 4023 quorum
851 3943 986 4023 uterque
1005 3945 1174 4024 sequentes
1193 3945 1260 4004 tres
1279 3940 1410 4004 addidit.
1430 3978 1473 3985 —

297 4043 337 4108 In
363 4068 458 4110 versu
488 4046 556 4111 290
577 4046 673 4110 lectio
703 4046 900 4129 optimorum
932 4046 1076 4110 codicum
1103 4046 1137 4123 ἐς
1164 4045 1302 4135 αὐτήνῑ)
1331 4046 1474 4110 sancitur

388 4239 413 4306 1)
432 4238 458 4290 A
477 4237 629 4292 exhibebat
643 4240 689 4292 ΕΝ
704 4238 733 4308 (i.
749 4255 772 4292 e.
788 4236 832 4292 ἐπ’
850 4238 1003 4292 secundum
1012 4239 1181 4293 Wesselium
1194 4239 1225 4292 in
1238 4239 1364 4294 editione
1379 4257 1406 4308 p.
1419 4241 1472 4308 71),

298 4326 374 4394 quod
393 4326 493 4381 eadem
510 4343 611 4380 manus
630 4326 751 4381 correxit
769 4326 800 4380 in
818 4329 874 4395 Είς
899 4327 932 4382 cf.
952 4327 1107 4382 Brachium
1125 4328 1217 4383 Wien.
1234 4328 1313 4382 Stud.
1328 4328 1354 4380 X
1368 4346 1394 4397 p.
1409 4332 1472 4382 268.

298 4414 366 4469 Cum
381 4413 494 4469 Sittelio
508 4415 549 4486 (in
563 4418 702 4485 apparatu
721 4415 820 4470 critico
835 4418 871 4470 ad
884 4420 922 4487 v.)
939 4419 1034 4486 potest
1048 4419 1082 4470 de
1096 4416 1187 4472 forma
1199 4416 1334 4472 Boeotios
1349 4415 1380 4471 ἐν
1394 4415 1472 4488 cogi-
