3342 5168
304 377 347 441 34
476 378 517 431 De
537 376 671 447 ampliore
690 377 757 432 olim
775 377 885 432 Veteris
903 377 1065 447 interpretis
1085 378 1292 433 commentario.

304 561 398 604 suum
416 539 567 605 Proclum
588 540 815 626 longissimum
834 540 960 627 dixerit,
982 562 1108 625 quaque
1127 542 1250 606 ratione
1264 540 1360 605 nobis
1377 539 1473 606 liceat

303 647 440 711 evariis
463 647 609 712 fontibus
633 649 803 713 restituere
826 671 907 732 opus
930 647 1028 735 illius,
1050 648 1195 735 legamus
1219 646 1305 732 quod
1324 647 1409 712 adv.
1430 647 1472 713 85

303 757 408 818 exstat
432 753 590 819 scholium
613 752 657 841 (p.
677 757 719 821 98
731 752 806 842 sq.):
826 752 1107 839 Ἀργεϊφόντης
1130 750 1167 819 δὲ
1185 755 1258 837 ἤτοι
1277 754 1295 820 ὁ
1316 752 1351 819 ἐν
1368 752 1471 843 Ἀργῷ

303 871 439 942 φωνῶν·
464 863 629 947 εἰρηνικὸς
652 862 715 947 γὰρ
740 861 758 927 ὁ
781 863 861 938 θεὸς
883 859 938 926 καὶ
962 860 1121 943 ἀψευδής·
1145 863 1184 926 οί
1206 860 1226 925 δ
1232 857 1247 925 δ
1270 861 1472 945 νεώτεροι,

303 966 353 1031 ὅτι
372 965 496 1053 ’Ἀργον
529 966 690 1052 ἐφόνευσε
721 969 780 1033 τὸν
810 971 996 1051 πανόπτην·
1029 965 1158 1044 Νέσσος
1186 963 1223 1032 δὲ
1251 967 1269 1033 δ
1298 971 1381 1044 Χίος
1407 967 1470 1032 άπὸ

301 1084 361 1139 τοῦ
394 1073 523 1156 διάγειν
554 1075 612 1150 τάς
638 1085 705 1139 τῶν
732 1075 962 1139 τελευτώντων
988 1073 1104 1157 ψυχάς.
1149 1072 1237 1138 Haec
1263 1077 1331 1137 tam
1358 1073 1472 1138 mutila

181 1223 183 1236 .
301 1184 398 1264 atque
426 1179 552 1244 hiantia
580 1179 659 1243 satis
686 1201 753 1244 non
780 1179 880 1244 διίκεο
902 1179 1003 1244 veteri
1026 1179 1196 1264 interpreti
1218 1182 1307 1263 patet
1331 1201 1369 1243 ex
1392 1179 1470 1263 ipsis

302 1308 382 1370 quae
404 1285 544 1372 legimus
567 1284 683 1349 verbis.
723 1283 799 1350 Non
822 1286 931 1369 potuit
953 1285 1167 1350 recentiorum
1189 1286 1331 1370 proferre
1353 1308 1411 1370 per
1434 1284 1474 1350 δέ

301 1392 503 1478 sententiam,
527 1392 592 1456 nisi
615 1392 830 1456 vetustiorum
853 1396 921 1456 erat
945 1392 1102 1477 opposita.
1148 1390 1261 1457 Priora
1283 1396 1392 1456 tamen
1415 1392 1471 1456 illa

299 1497 417 1563 horum
439 1498 540 1563 fuisse
563 1520 604 1562 ne
621 1498 720 1563 verbo
740 1498 869 1583 quidem
887 1498 1053 1564 indicavit:
1075 1502 1223 1583 pugnant
1241 1498 1306 1562 ista
1323 1499 1408 1562 inter
1427 1519 1470 1583 se,

299 1627 404 1689 neque
425 1605 585 1670 sententia
602 1603 700 1670 Nessi
718 1605 758 1669 ad
777 1605 997 1689 explicandam
1018 1627 1129 1669 vocem
1144 1598 1378 1689 Ἀργειφόντης
1400 1625 1469 1687 per-

298 1711 390 1776 tinet.
425 1710 539 1796 Itaque
561 1712 671 1777 nullus
694 1734 754 1798 ego
774 1711 897 1799 dubito,
921 1711 1000 1797 quin
1016 1712 1070 1776 hie
1089 1714 1237 1794 excerpta
1255 1713 1288 1774 et
1307 1732 1343 1774 ea
1360 1709 1470 1775 miser·

300 1819 380 1883 rime
403 1821 552 1884 truncata
573 1820 728 1905 legamus.
765 1817 827 1884 Vel
845 1818 961 1883 Taetaa
983 1818 1076 1902 plura
1098 1817 1236 1903 legebat,
1260 1839 1332 1880 cum
1351 1815 1470 1880 habeat

298 1924 376 1989 haec
391 1923 434 2012 (p.
450 1924 522 2014 90):
541 1926 625 1991 ἀλλά
643 1923 725 2011 μηδὲ
744 1934 841 1991 τοῦτο
865 1925 1023 2010 ἐάσωμεν,
1037 1925 1120 1990 ὅθεν
1135 1922 1283 2009 ὁἙρμης
1298 1922 1470 2008 διάκτορος

298 2029 354 2096 καὶ
378 2029 612 2117 Ἀργειφόντης
641 2030 784 2115 λέγεται,
811 2032 856 2096 τά
882 2033 955 2115 γάρ
982 2041 1059 2096 τῶν
1087 2027 1231 2115 ἑτέρων
1253 2027 1403 2116 Ἑρμῶν
1429 2029 1469 2094 ού

299 2136 437 2223 φροντὶς
461 2138 541 2222 ἡμῖν
564 2135 681 2220 λέγειν.
719 2137 737 2203 ὁ
761 2132 821 2221 μὲν
844 2138 988 2221 μυθικὸς
1007 2134 1127 2222 Ἑρμῆς
1151 2134 1323 2222 διάκτορος
1341 2134 1469 2218 λέγεται

300 2243 335 2309 έκ
367 2252 428 2309 τοῦ
460 2246 648 2329 διακτορείν
679 2239 734 2308 καί
767 2242 939 2327 ἀγγέλλειν
970 2244 1009 2308 τά
1036 2255 1103 2309 τῶν
1131 2249 1235 2308 θεῶν·
1267 2240 1321 2307 καὶ
1346 2239 1468 2327 Ἀργει-

211 2378 215 2389 ·
299 2353 440 2435 φόντης,
468 2351 519 2416 ὅτι
533 2349 658 2436 ’Ἀργον
685 2349 796 2415 άνείλε
823 2351 881 2415 τὸν
904 2353 1091 2433 πανόπτην,
1119 2349 1158 2415 δν
1185 2346 1314 2434 ἡἭρα
1337 2349 1469 2434 φύλακοι

298 2466 357 2539 τῆς
377 2454 461 2533 Ἰοῦς
484 2455 639 2540 ἐπέστησε
661 2466 720 2541 τῆς
740 2453 868 2540 Ἰνάχου
890 2458 1017 2534 παιδός.
1054 2456 1072 2522 δ
1094 2452 1131 2522 δὲ
1148 2457 1353 2541 προφορικὸς
1371 2458 1469 2538 λόγος

295 2561 415 2648 Ἑρμῆς
442 2562 570 2645 λέγεται
593 2564 682 2648 παρὰ
704 2564 742 2627 τδ
766 2560 997 2647 ἕρμηνευτικὸς
1025 2558 1187 2628 εἶναικαὶ
1211 2563 1393 2648 διάκτορος,
1417 2562 1468 2626 ὅτι

298 2667 459 2752 ἐξηγεῖται
477 2667 532 2735 καί
552 2667 738 2751 διαγγέλλει
757 2670 872 2754 τάπης
890 2678 998 2754 ψυχῆς
1016 2668 1071 2734 καὶ
1089 2677 1149 2734 τοῦ
1163 2677 1225 2732 νοῦ
1243 2667 1466 2752 ἐνθυμήματα.

294 2769 528 2861 Ἀργειφόντης
551 2773 592 2841 δὲ
620 2775 669 2852 ὡς
696 2775 815 2861 άργδς
837 2765 903 2840 καὶ
926 2777 1103 2861 καθαρὸς
1126 2777 1252 2860 φόνου
1277 2772 1374 2861 (legez
1398 2777 1468 2859 φό-

297 2879 404 2968 νων)·
437 2884 587 2948 παιδεύει
611 2883 673 2969 γάρ
696 2879 751 2946 καὶ
775 2882 927 2967 ῥυθμίζει
950 2881 1005 2948 καὶ
1028 2880 1167 2968 πραύνει
1190 2882 1228 2946 τὸ
1246 2882 1393 2965 θυμικὸν
1410 2889 1468 2965 τῆς

297 2999 418 3074 ψυχῆς·
452 2988 472 3072 ἢ
496 2990 546 3055 ὅτι
569 2991 628 3054 τὸν
641 2988 766 3072 ’Ἀργον
788 2989 873 3054 κύνα
896 2988 1042 3071 άναιρεί,
1073 2986 1222 3053 τουτέστι
1249 2988 1288 3052 τά
1314 2989 1466 3070 λυσσώδη

297 3092 352 3158 καί
385 3096 506 3159 άτακτα
539 3093 764 3182 ἐνθυμήματα.
808 3092 925 3158 Procul
952 3093 1049 3158 dubio
1077 3093 1192 3158 Taetza
1218 3094 1336 3157 veteris
1364 3114 1467 3178 gram-

297 3200 406 3264 matici
439 3199 569 3264 scholiis
601 3199 776 3264 immiscuit
807 3199 1030 3284 philosophica
1063 3196 1234 3285 quaedam,
1270 3221 1351 3284 quae
1383 3199 1467 3284 apud

296 3304 446 3369 Proelum
467 3305 621 3369 nimirum
643 3306 809 3371 invenerat
832 3303 949 3393 (ipsius
968 3309 1075 3371 autem
1093 3305 1200 3372 Procli
1218 3307 1316 3372 verba
1333 3317 1466 3391 prorsus

296 3432 382 3476 nune
405 3415 481 3474 sunt
503 3409 705 3498 intercepta),
728 3411 783 3476 sed
806 3411 857 3475 vel
879 3411 964 3476 inter
985 3412 1064 3476 haee
1086 3432 1238 3497 agnosces
1259 3411 1362 3497 plura,
1385 3434 1467 3496 quae

298 3521 374 3582 sunt
401 3517 488 3581 illius
516 3517 709 3601 interpretis.
756 3517 818 3584 Sed
845 3518 896 3583 vel
918 3519 1011 3604 plura
1033 3518 1195 3582 lucramur
1218 3540 1256 3582 ex
1279 3518 1465 3583 testimonio

298 3621 436 3688 Gudiam'
467 3623 688 3708 Etymologici
721 3623 765 3712 (p.
795 3626 850 3710 71,
873 3622 944 3712 40):
979 3623 1268 3709 Ἀργειφόντης·
1304 3625 1392 3709 παρά
1428 3625 1465 3689 τὸ

297 3728 450 3815 έυαργεῖν
472 3731 531 3807 τὰς
550 3734 734 3814 φαντασίας
751 3742 873 3795 ποιεῖν·
898 3731 1020 3806 ούτιος
1043 3726 1160 3814 εὗρον
1184 3730 1225 3796 έν
1247 3731 1465 3814 ὑπομνήσει

295 3844 365 3901 τοῦ
384 3834 581 3901 Ἡσιόδου.
618 3837 653 3901 oi
675 3833 712 3901 ot
735 3837 790 3900 διά
813 3845 873 3901 τοῦ
898 3849 911 3900 ῐ
931 3835 1116 3921 γράφοντές
1139 3853 1221 3921 φασι
1244 3836 1333 3920 παρὰ
1353 3838 1390 3900 τὸ
1409 3837 1465 3920 άρι

295 3943 333 4006 τὸ
362 3940 549 4008 ἐπιτατικὸν
577 3945 711 4029 μόριον,
739 3943 784 4020 ὡς
810 3943 962 4028 ἀρίζηλος
984 3941 1141 4028 ἀρίδηλος
1165 3942 1347 4029 άριφόντης
1370 3941 1387 4007 ὁ
1411 3965 1466 4026 με-

296 4048 380 4131 γάλα
408 4052 652 4133 φανταζόμενος
680 4050 736 4113 διά
763 4052 841 4126 τοὺς
864 4050 1029 4134 ὀνείρους,
1052 4047 1107 4114 καὶ
1129 4055 1324 4135 πλεονασμῷ
1347 4056 1407 4114 τοῦ
1430 4051 1464 4132 γ·

296 4151 316 4235 ἢ
347 4154 436 4239 παρά
463 4156 500 4219 τὸ
529 4154 632 4240 άργὸν
659 4157 696 4220 τὸ
725 4157 844 4220 λευκὸν
872 4154 1080 4241 άργοφόντης
1106 4180 1156 4232 τις
1184 4157 1246 4238 ὥν,
1278 4153 1333 4221 καὶ
1360 4165 1465 4241 τροπῇ

295 4268 397 4324 τοῦδ
426 4261 473 4336 είς
498 4273 511 4323 i
537 4260 751 4347 άργιφόντης.
796 4261 841 4337 ὡς
868 4261 1044 4347 άργίιιοδες
1071 4263 1178 4339 κύνες.
1223 4262 1328 4345 δῆλον
1356 4259 1393 4327 δὲ
1421 4261 1465 4338 ὡς

295 4371 422 4451 εἴρηται
453 4367 491 4431 τὸ
524 4366 628 4454 ἀργὸν
659 4366 714 4432 καὶ
748 4366 800 4433 ἐπὶ
831 4377 892 4433 τοῦ
923 4367 1047 4452 ταχέως
1078 4365 1133 4433 καὶ
1163 4365 1215 4434 ἐπὶ
1241 4377 1302 4433 τοῦ
1331 4373 1465 4434 λευκοῦ·

294 4482 359 4539 νῦν
382 4468 444 4539 οὖν
465 4471 518 4539 ἐπὶ
536 4484 597 4539 τοῦ
616 4480 737 4539 λευκοῦ
755 4486 870 4559 κεῖται,
889 4472 933 4540 ἵν’
955 4469 976 4562 ᾖ
996 4473 1048 4539 ἐπὶ
1067 4483 1127 4539 τοῦ
1147 4473 1296 4561 έναργεϊς
1314 4474 1464 4541 τουτέστι
