3342 5168
565 364 608 419 De
626 362 787 419 recensione
804 363 978 419 Pisistratou.
1316 366 1354 430 11

187 528 341 613 carmina,
362 549 429 592 non
451 527 584 591 audita
609 530 737 592 tantum
760 527 917 592 evincant.
963 524 1127 614 Sequitur,
1149 532 1186 593 ut
1209 528 1359 615 dieamus,

189 634 268 720 quid
296 633 472 698 sentiamus
501 634 539 697 de
560 632 749 722 Pisistrat0,
776 635 866 699 cuins
893 655 1011 699 nomen
1038 635 1073 698 in
1094 634 1255 700 Hesiodea
1282 657 1359 720 quo-

188 763 249 825 que
271 740 426 805 memoria
446 740 617 805 invenitur.
655 740 746 817 Quod
766 746 873 805 autem
892 741 933 805 ab
951 741 1008 805 illo
1027 740 1199 807 Homerica
1217 742 1359 807 carmina

190 848 318 912 ineam
341 847 478 911 formam
500 847 629 912 redacta
651 869 720 912 esse
743 847 907 934 dicuntur,
934 868 1016 932 quae
1039 851 1178 912 aetatem
1200 848 1289 933 tulit,
1312 870 1358 913 re-

187 954 327 1038 probent
348 953 476 1037 quidem
497 953 560 1019 hoc
573 951 877 1041 Wilamowilzius1)
898 957 931 1018 et
951 954 1090 1018 maxime
1111 952 1359 1042 Ludwiohiusl),

187 1060 242 1124 sed
264 1081 375 1124 eorum
402 1064 592 1146 argumenta
619 1081 686 1124 non
711 1082 763 1124 me
785 1064 923 1126 movent.
969 1059 1020 1127 Ne
1047 1059 1206 1148 Lehrsiil)
1230 1061 1359 1146 quidem

187 1166 420 1252 disputatione,
452 1190 516 1252 qua
543 1167 660 1231 nititur
686 1165 906 1253 Ludwichius,
937 1166 1004 1232 ullo
1032 1167 1127 1231 modo
1155 1166 1358 1255 Ritsehelii4)

187 1278 377 1359 argumenta
401 1277 477 1338 sunt
500 1273 637 1357 sublata,
661 1273 778 1358 quibus
801 1272 1024 1338 Pisistrateam
1047 1275 1264 1339 recensionem
1287 1296 1359 1339 con·

186 1379 340 1444 firmavit:
369 1380 493 1465 optimo
516 1380 585 1446 iure
607 1380 642 1444 in
664 1379 722 1444 illa
744 1380 950 1464 acquiescrmt
972 1377 1241 1469 Kirchhoffius⁶),
1269 1378 1359 1446 Ohm'-

187 1484 319 1573 stius⁶),
350 1486 414 1551 alii.
460 1484 571 1570 Ipsum
597 1485 769 1550 Lehrsium
796 1486 950 1551 refutarit
979 1487 1099 1570 optime
1122 1490 1198 1570 post
1220 1486 1360 1551 Ditntze

186 1591 291 1679 rum⁷)
323 1592 601 1657 Wilamowitzius.
652 1591 699 1657 Ut
736 1615 895 1657 summam
926 1592 1057 1657 faciam:
1092 1614 1175 1678 nego
1213 1593 1360 1678 equidem

188 1697 285 1762 fidem
303 1720 373 1762 esse
392 1698 472 1762 satis
490 1698 695 1762 imminutam
713 1699 855 1785 testium,
874 1698 930 1783 qui
944 1698 1062 1763 adsunt
1074 1698 1258 1786 Pisistrato,
1277 1722 1358 1783 quos

188 1826 255 1869 non
282 1807 331 1868 est
358 1825 415 1868 eur
442 1825 528 1868 nunc
554 1825 743 1869 enumerem.
788 1803 841 1868 Ab
870 1803 971 1869 altera
993 1808 1098 1888 parte,
1127 1805 1188 1868 etsi
1211 1804 1359 1870 destituti

188 1932 330 1975 essemus
357 1910 553 1975 testimoniis
581 1910 661 1997 illis,
688 1932 745 1995 per
771 1910 979 1995 hypothesim
1002 1911 1150 1996 ponenda
1173 1914 1257 1976 esset
1279 1912 1360 1976 eius-

187 2017 274 2082 modi
297 2017 449 2082 recensio.
487 2016 579 2093 Quod
602 2017 677 2082 data
700 2018 865 2082 occasione
884 2018 1062 2082 accuratius
1081 2039 1253 2102 exponam:
1275 2040 1361 2083 nunc

188 2125 267 2188 satis
299 2126 349 2188 est
381 2123 563 2209 significare
594 2145 645 2188 me
676 2124 712 2188 in
738 2124 798 2189 hac
826 2124 1014 2209 quaestione
1041 2124 1163 2189 versari
1189 2128 1296 2189 totum
1326 2125 1361 2189 in

187 2230 302 2295 castris
325 2229 599 2296 Pisistrateorum.

276 2334 369 2412 Quod
397 2341 504 2401 autem
526 2338 613 2402 valet
636 2338 674 2402 de
696 2338 832 2403 Homeri
854 2337 1064 2424 carminibus,
1091 2337 1361 2403 verisimillimum

188 2446 237 2508 est
256 2443 341 2508 idem
360 2444 395 2507 in
407 2443 568 2509 Hesiodea
587 2445 706 2530 cadere,
726 2467 863 2529 quorum
882 2444 1013 2509 omnino
1032 2444 1224 2530 propagatio
1243 2445 1361 2509 mirum

188 2553 347 2634 quantum
371 2554 528 2635 congruat
551 2573 623 2615 cum
646 2551 720 2616 illis.
764 2550 809 2615 Et
832 2551 922 2614 adest
945 2550 1178 2636 testimonium,
1201 2573 1265 2636 quo
1283 2550 1361 2616 haec

189 2656 350 2721 sententia
378 2656 500 2720 firmari
527 2657 687 2743 videatur,
712 2655 878 2720 Plutarchi
900 2656 956 2721 vit.
980 2657 1073 2721 Thes.
1092 2658 1149 2722 20:
1176 2666 1274 2723 τοῦτο
1298 2659 1360 2743 γὰρ

189 2765 226 2827 τὸ
256 2765 334 2839 ἔπος
359 2760 395 2827 ἐκ
417 2773 485 2827 τῶν
505 2761 665 2828 Ἡσιόδου
688 2764 932 2846 Πεισίστρατον
956 2759 1077 2840 ἐξελεῖν
1100 2779 1182 2847 φησι
1201 2760 1321 2848 Ἡρέας
1343 2763 1361 2828 ὁ

189 2870 376 2955 Μεγαρεύς.
430 2868 523 2945 Quod
558 2869 700 2953 pertinet
736 2869 776 2933 cd
811 2890 940 2933 versum
976 2868 1134 2952 quendam
1168 2867 1361 2932 Ehoearum.

187 2974 359 3040 Praeterea
384 2974 469 3039 nihil
495 2974 575 3039 certi
597 2977 724 3039 constat
747 2974 785 3038 de
808 2973 870 3039 hoc
892 2973 1011 3059 Herea,
1041 2973 1193 3058 quicum
1214 2972 1362 3038 rideatur

189 3082 357 3167 scripsisse
384 3081 557 3147 historiam
578 3081 773 3167 Megaricam
800 3081 852 3146 vel
873 3080 1031 3165 Atticam,
1059 3080 1209 3145 laudetur
1232 3079 1272 3145 ab
1296 3102 1360 3145 uno

187 3187 363 3254 Plutarcho
371 3186 397 3276 8)
413 3188 588 3273 etquidem
607 3188 662 3272 ita,
681 3191 718 3252 ut
735 3187 820 3279 nihil
837 3187 911 3252 inde
925 3187 1084 3252 discamus
1099 3187 1137 3252 de
1151 3186 1363 3274 temporibus,

189 3296 307 3380 quibus
340 3295 494 3360 floruerit.
544 3295 666 3359 Tamen
696 3295 800 3359 fateor
831 3293 913 3358 illud
945 3293 997 3358 vel
1027 3316 1084 3378 per
1116 3315 1151 3358 se
1182 3293 1263 3358 mihi
1294 3295 1363 3358 veri

190 3400 296 3466 simile
314 3401 425 3488 videri,
443 3401 653 3467 Pisistratum
670 3401 769 3465 etiam
781 3400 943 3466 Hesiodea
961 3422 1042 3486 quae
1060 3400 1208 3464 feruntur
1221 3400 1363 3464 carmina
1423 3468 1426 3474 ,

190 3508 230 3572 ad
258 3530 326 3572 eam
355 3508 421 3573 fere
445 3508 582 3592 speciem
606 3530 643 3573 ae
664 3508 801 3572 formam
823 3529 1004 3594 revocasse,
1031 3529 1112 3592 quae
1138 3528 1224 3571 nunc
1247 3509 1361 3570 exstat.

190 3612 279 3678 Num
306 3635 363 3697 per
390 3614 524 3679 eundem
547 3613 789 3679 Onomacritum
816 3613 850 3678 id
873 3614 916 3678 sit
938 3614 1070 3699 factum,
1091 3613 1221 3699 ignor03
1247 3615 1362 3677 notum

278 4041 293 4089 3
324 4033 406 4089 Nunc
424 4033 455 4089 in
472 4035 545 4089 libro
564 4036 623 4105 „De
641 4036 726 4092 Arist.
747 4038 780 4091 st.
800 4035 899 4090 Hom.“
919 4035 978 4090 ed’
994 4055 1021 4106 p.
1037 4040 1089 4089 430
1099 4053 1159 4104 sqq.

278 4126 305 4193 4)
325 4123 425 4193 Opusc.
445 4123 458 4177 I
476 4143 502 4194 p.
517 4129 552 4177 46
562 4142 622 4192 sqq.
713 4127 741 4195 ὃ)
761 4124 858 4194 Odyss.
878 4144 904 4195 p.
921 4130 973 4179 232
984 4142 1044 4194 sqq.

279 4216 305 4283 6)
324 4211 441 4282 Saepius
459 4211 490 4265 in
503 4212 658 4281 Prolegom.
678 4212 745 4268 edit.
759 4212 872 4268 Iliados.
901 4213 1031 4268 Ceterum
1044 4212 1112 4268 audi
1124 4229 1200 4267 nuno
1215 4212 1360 4283 Cauarum,

190 4300 386 4370 Grundfrngen
405 4301 455 4354 der
471 4299 665 4355 Homerlm'tilr
685 4306 761 4356 1895.

281 4391 308 4460 7)
325 4389 436 4444 Homer.
455 4389 597 4445 Abhandl.
620 4393 687 4444 1872
705 4408 732 4460 p.
748 4397 834 4460 tsqq.

279 4480 307 4549 8)
325 4476 383 4534 Vit.
403 4478 484 4535 Thes.
500 4484 544 4549 20,
558 4484 592 4532 32
638 4478 695 4535 Vit.
715 4478 771 4534 Sol.
787 4485 829 4535 10.
