3366 5168
286 304 330 370 68
757 301 870 358 Scholia
887 300 987 358 Procli.

287 490 385 553 quarn
413 471 560 532 accurate
588 466 801 550 disputaverit
827 465 969 531 Procius.
1020 463 1082 530 Sed
1109 464 1160 530 111
1181 464 1235 529 hio
1257 464 1359 529 multa
1381 464 1460 530 desi-

287 576 457 639 derantur.
497 572 569 638 Hoc
596 573 743 637 firmatur
766 571 900 637 Taetzae
927 571 1058 658 scholio,
1082 570 1167 656 quod
1190 574 1240 636 est
1263 572 1304 636 ad
1327 571 1461 638 eundem

285 704 413 747 versum
441 704 471 765 p.
490 680 570 768 263,
588 678 757 765 25-265,
775 680 810 764 2,
837 679 928 744 ouius
954 700 1029 763 pars
1056 679 1146 764 prior
1164 683 1323 763 excerpta
1350 684 1400 744 est
1421 701 1460 743 ex

284 789 332 854 eis
352 788 538 873 Proclianis,
556 802 639 871 quae
657 790 794 851 aetatem
812 787 966 871 tulerunt,
985 808 1058 851 cum
1076 785 1111 849 in
1129 785 1230 851 altera
1248 786 1462 873 inveniantur,

286 917 368 981 quae
395 917 480 960 nuno
507 895 593 979 apud
614 893 766 959 Proclum
788 914 855 957 non
876 892 1023 978 legimus.
1068 891 1143 977 Ipse
1165 892 1281 958 Taetza
1303 893 1461 978 originem

285 1003 404 1090 prodit,
418 1025 490 1067 oum
503 1001 681 1066 miserrime
696 999 850 1065 erraverit
863 999 898 1063 in
912 1020 949 1064 ea
963 1000 1184 1086 explicatione,
1195 1022 1291 1084 quam
1300 999 1461 1084 integram

286 1109 386 1174 habes
416 1110 452 1173 in
478 1106 645 1172 Plutarchi
672 1107 741 1171 vita
764 1105 938 1171 Alexandri
962 1105 1042 1192 (cap.
1062 1103 1111 1193 4):
1135 1127 1211 1192 ergo
1235 1128 1273 1171 ex
1299 1105 1370 1190 ipso
1388 1105 1462 1170 Plu·

283 1217 399 1282 tarcho
440 1237 509 1280 non
548 1214 671 1301 hausit,
712 1213 767 1279 sed
796 1236 849 1316 gx
889 1212 973 1278 male
1016 1212 1137 1278 habitis
1175 1213 1240 1277 iam
1275 1212 1460 1278 Proclianis

286 1323 409 1390 Similis
442 1327 511 1388 erat
537 1345 588 1388 res
616 1322 656 1387 od
678 1344 707 1386 v.
726 1322 805 1406 346,
824 1345 853 1406 p.
873 1320 952 1405 225,
972 1321 1030 1406 20,
1055 1320 1119 1386 nisi
1147 1321 1231 1387 forte
1258 1321 1305 1385 ibi
1328 1320 1461 1385 Tzetzae

285 1430 395 1515 potius
425 1429 589 1495 videbitur
617 1451 707 1494 error
729 1450 798 1493 esse
822 1450 918 1513 quam
941 1428 1146 1513 excerptoris.
1192 1426 1341 1494 Ceterum
1366 1427 1461 1493 sicuti

285 1537 342 1602 illa
369 1537 546 1622 supplenda
578 1540 654 1600 sunt
687 1536 722 1600 in
752 1534 860 1599 Procli
892 1535 1028 1620 scholio,
1059 1536 1106 1600 ita
1133 1534 1303 1600 Taetziana
1334 1557 1461 1620 quoque

284 1667 315 1728 p.
336 1644 415 1729 270,
436 1644 580 1728 12-17,
610 1665 690 1728 quae
719 1642 826 1708 omnia
848 1642 956 1708 Procli
986 1646 1062 1707 sunt
1090 1642 1159 1707 sine
1182 1642 1279 1708 dubio
1303 1663 1462 1707 unacum

286 1750 494 1835 sequentibus
518 1754 551 1815 et
573 1749 845 1834 praecedentibus.

373 1856 425 1921 Ad
452 1881 480 1922 v.
505 1857 571 1923 423
587 1879 655 1942 sqq.
687 1857 838 1922 Proclum
866 1855 957 1921 audis
984 1879 1015 1940 p.
1035 1857 1076 1921 27
1080 1859 1115 1943 2,
1135 1855 1297 1943 15-273,
1315 1856 1368 1943 20,
1386 1856 1462 1944 275,

286 1964 390 2049 3-6,
414 1963 585 2049 27-276,
609 1966 637 2030 8.
698 1963 760 2029 Sed
791 1967 991 2048 postremum
1023 1962 1091 2028 cius
1122 1984 1190 2028 non
1221 1967 1283 2029 est:
1316 1965 1461 2029 conferas

288 2071 386 2135 modo
409 2092 483 2134 cum
505 2069 571 2134 illis
593 2070 696 2134 multo
720 2069 919 2154 plenioribus
938 2092 968 2153 p.
988 2070 1063 2156 276,
1081 2070 1223 2157 9-277,
1236 2072 1265 2156 6,
1289 2093 1370 2155 quae
1392 2071 1463 2135 iure

287 2176 395 2242 Procli
417 2176 548 2241 nomine
571 2177 754 2262 signantur,
782 2177 894 2241 statim
917 2176 1055 2242 elucebit
1082 2178 1178 2242 unius
1200 2177 1342 2242 hominis
1364 2177 1463 2262 expli-

288 2283 448 2349 cationem
475 2287 645 2368 utramque
671 2304 738 2348 non
765 2305 843 2348 esse.
867 2321 910 2330 —
933 2281 986 2347 Ad
1011 2306 1040 2348 1.
1063 2284 1130 2348 430
1156 2285 1301 2370 loquitur
1327 2284 1461 2350 Proolus

285 2414 316 2476 p.
326 2390 413 2477 .277,
432 2390 585 2455 31-278
591 2442 601 2476 ,
621 2390 671 2455 11.
722 2388 809 2466 Quae
836 2413 909 2455 cum
936 2389 989 2455 his
1017 2391 1220 2476 aliquatenus
1243 2392 1462 2476 conspirantia

287 2498 323 2561 in
348 2497 585 2582 Etymologiois
613 2497 741 2583 insunt,
773 2520 809 2562 11
836 2497 964 2562 vindico
987 2498 1096 2581 potius
1119 2498 1221 2562 111111
1244 2499 1463 2586 grammatico,

289 2605 442 2688 quoniam
474 2604 510 2668 in
540 2603 689 2670 lectionis
723 2605 878 2670 varietate
910 2604 1078 2669 indicanda
1112 2604 1246 2670 Proclus
1281 2608 1352 2691 non
1380 2605 1463 2671 solet

288 2711 418 2776 1111111.
438 2749 480 2757 -
505 2709 612 2796 Ipsius
635 2715 743 2776 tamen
766 2732 879 2776 rursus
902 2711 1021 2776 adsunt
1048 2712 1088 2775 ad
1115 2734 1144 2777 1.
1162 2711 1228 2777 436
1243 2734 1312 2797 sqq.
1341 2712 1463 2778 10110111

286 2841 321 2903 p.
340 2818 416 2904 279,
436 2817 554 2904 7-11,
572 2817 715 2905 24-27,
733 2818 809 2903 280,
828 2818 939 2882 3-12
959 2815 1011 2905 (of.
1025 2818 1110 2882 infra
1119 2841 1149 2903 p.
1161 2816 1228 2904 90),
1251 2821 1326 2906 281,
1344 2819 1464 2906 6-10,

287 2924 367 3008 282,
389 2925 534 3011 19-27,
563 2925 603 2989 ad
625 2948 653 2989 v.
672 2925 737 2991 448
749 2948 818 3010 sqq.
842 2948 872 3009 p.
897 2924 976 3010 283,
1001 2927 1123 3010 7-17,
1148 2924 1228 3011 284,
1246 2925 1414 3013 34-285,
1432 2926 1464 3013 8,

288 3030 499 3117 286,1-13,
522 3032 596 3115 287,
611 3032 708 3117 6-9,
728 3033 869 3117 17-19,
883 3030 1016 3097 28-30
1035 3028 1113 3118 (nisi
1135 3031 1197 3095 hoc
1220 3035 1269 3097 est
1287 3029 1463 3118 mutilum),

288 3136 452 3221 31-288,
467 3140 497 3222 2,
516 3138 635 3218 8-30,
649 3137 725 3223 290,
740 3137 882 3223 8-291,
896 3139 925 3202 2.
971 3135 1092 3204 Contra
1117 3139 1203 3223 quod
1220 3160 1305 3203 nunc
1323 3139 1462 3204 traditur

289 3243 357 3309 eius
386 3244 447 3308 sub
474 3244 603 3308 nornine
631 3243 789 3309 scholium
817 3245 857 3310 ad
883 3245 1167 3333 14601292,
1192 3247 1463 3334 11-21,1111110,

289 3351 414 3437 opinor,
434 3350 463 3413 11
482 3350 652 3416 attribuet:
674 3351 726 3415 111
747 3351 853 3437 prima
875 3352 974 3416 verba
996 3353 1239 3438 grammaticam
1261 3353 1406 3419 redolent
1429 3356 1462 3418 11

289 3457 416 3521 diversa
439 3460 515 3523 sunt
539 3480 558 3522 a
580 3457 759 3524 Procliauis
781 3482 813 3544 p.
831 3458 906 3545 290,
925 3460 968 3525 25
990 3481 1095 3545 neque
1116 3481 1184 3525 non
1206 3482 1224 3523 a
1247 3460 1370 3544 reliqua
1392 3460 1461 3525 eius

289 3564 324 3628 in
345 3563 432 3628 hunc
454 3585 583 3629 versum
606 3565 813 3631 adnotatione
836 3589 866 3650 p.
886 3566 962 3652 292,
979 3566 1144 3653 22-293,
1157 3567 1186 3630 2.
1210 3604 1253 3612 -
1277 3564 1463 3651 Sequuntur

290 3691 372 3754 quae
394 3671 530 3757 legimus
549 3694 579 3756 p.
599 3672 674 3759 293,
694 3672 833 3758 17-33,
853 3696 990 3758 quorum
1007 3673 1169 3739 immerito
1187 3695 1262 3757 pars
1281 3695 1338 3757 per
1356 3674 1463 3751 ἄλλως

289 3776 390 3842 111111
420 3778 602 3844 vindicatur
627 3778 809 3865 interpreti:
847 3779 958 3844 subest
989 3781 1099 3864 potius
1130 3779 1247 3865 duplex
1279 3783 1463 3864 excerptum

289 3885 431 3950 eiusdem
459 3886 698 3970 disputationis.
743 3886 846 3952 Porro
870 3890 946 3951 sunt
968 3886 1138 3952 Procliana
1160 3911 1189 3971 p.
1214 3885 1461 3973 294,14-25.

290 3990 377 4068 Quae
401 3993 565 4078 excipiunt
589 3994 627 4057 de
649 3993 806 4059 vocabulo
831 3992 1010 4079 εὐοχθέων,
1032 3995 1149 4059 1111111
1169 3997 1245 4057 sunt
1263 3993 1462 4077 interpretis:

290 4103 471 4185 congrth
500 4100 585 4163 enim
613 4099 653 4163 sd
679 4100 813 4164 verbum
836 4121 909 4164 cum
936 4100 1059 4166 scholio
1082 4125 1112 4186 p.
1131 4099 1210 4184 295,
1230 4100 1354 4186 6-12,
1376 4099 1463 4185 quod

290 4205 416 4270 etiamsi
453 4204 560 4270 Procli
597 4205 658 4270 sub
693 4206 824 4271 nomine
855 4194 987 4293 fertur,
1007 4208 1125 4273 1111111
1158 4207 1360 4293 grammatici
1392 4228 1462 4271 esse

289 4313 458 4399 neminem,
481 4312 609 4396 opinor,
631 4311 742 4396 fugiet.
788 4311 905 4378 Postea
927 4314 1126 4398 explebimus
1150 4335 1189 4377 ex
1213 4314 1285 4377 aliis
1307 4313 1461 4378 fontibus.

290 4416 398 4483 Procli
416 4421 493 4481 sunt
511 4417 703 4505 11110295,
717 4419 881 4507 26-296,
896 4420 948 4507 18,
965 4421 1061 4486 modo
1079 4441 1196 4505 augeas
1216 4442 1312 4505 opera
1330 4419 1463 4485 Taetzae
