3390 5178
307 394 373 459 224
557 394 599 448 Do
618 392 740 464 Operum
757 391 883 446 versibus
903 391 939 445 ab
959 391 1083 460 antiquis
1102 391 1234 447 laudatis.

307 558 426 622 bantur
452 556 637 642 varietates,
663 555 790 621 uthoo
821 577 948 641 quoque
975 555 1047 622 looo
1069 555 1181 621 malim
1204 555 1396 643 corruptelis
1419 557 1482 621 dis·

307 665 486 748 crepantias
509 663 675 747 explicare.

396 769 535 835 Versum
555 770 617 836 727
642 774 816 854 postquam
840 769 1037 835 absolvimus
1061 770 1215 835 advocato
1235 769 1355 835 Ioanne
1374 769 1481 836 Doxo·

307 881 399 962 patre
421 878 457 942 in
479 899 590 942 comm.
615 877 655 942 ad
678 877 831 962 Hermog.
855 875 928 964 περὶ
952 878 1019 964 ado.
1044 877 1128 962 apud
1152 875 1339 942 Crumerum
1361 877 1480 943 Anecd.

307 983 477 1050 0210an
499 1008 529 1069 p.
551 984 624 1069 167,
644 984 662 1047 7
695 1006 886 1069 versumque
911 984 975 1048 730
1002 984 1141 1049 laudatis
1170 983 1301 1050 scholiis
1328 989 1360 1049 A
1379 986 1421 1051 84
1449 988 1480 1049 et

307 1095 337 1155 ’Λ
359 1091 424 1155 194
447 1090 501 1178 (V,
521 1092 596 1179 383,
614 1092 680 1156 390
693 1089 762 1179 Μ),
784 1092 873 1157 varia
895 1091 991 1158 lectio
1016 1097 1149 1177 apparet
1171 1091 1310 1156 laudatis
1333 1093 1480 1157 versibus

308 1197 372 1264 735
392 1202 424 1263 et
444 1198 507 1264 736
535 1199 619 1283 apud
636 1198 722 1264 Plut.
746 1199 784 1263 de
804 1221 874 1263 sera
892 1221 979 1265 num.
998 1196 1480 1287 vind.p.562a(111,45113.),

307 1306 363 1390 qui
388 1328 447 1390 pro
471 1307 661 1391 δυσφήμοιο
684 1305 919 1369 Hesiodeorum
941 1305 1101 1370 librorum
1122 1304 1202 1390 legit
1226 1306 1413 1388 δυστήνοιο.
1439 1343 1478 1351 —-

307 1411 395 1477 Idem
427 1435 494 1478 non
525 1412 685 1497 discrepat
717 1413 752 1477 in
782 1412 929 1477 versibus
959 1414 1022 1476 742
1052 1415 1084 1477 et
1109 1412 1173 1475 743
1202 1410 1255 1500 (de
1277 1410 1319 1476 Is.
1343 1415 1375 1475 et
1398 1409 1480 1475 Osir.

307 1543 338 1604 p.
354 1519 419 1585 352
429 1543 454 1605 ο,
473 1518 516 1606 ΙΙ,
529 1520 596 1583 474
604 1517 656 1607 Β.)
675 1521 727 1584 vel
744 1520 779 1584 in
797 1542 825 1584 v.
842 1519 907 1584 744
925 1518 978 1608 (de
997 1520 1068 1584 aud.
1086 1523 1170 1604 poet.
1185 1542 1215 1603 p.
1227 1520 1269 1585 28
1280 1519 1312 1605 b,
1329 1516 1354 1604 Ι,
1369 1515 1479 1605 67Β.)

307 1627 403 1692 Hunc
430 1649 559 1692 versum
587 1627 755 1712 coniungit
783 1648 854 1691 oum
878 1627 942 1691 alio
966 1625 1045 1691 alibi
1067 1627 1180 1712 ignoto
1204 1626 1346 1690 incertus
1370 1628 1481 1690 auctor

165 1723 167 1730 ¹
306 1733 411 1799 libelli
433 1732 509 1821 περὶ
532 1737 665 1821 τρόπον
688 1730 866 1820 (Spengelii
889 1732 984 1798 Rhet.
1008 1755 1055 1819 gr.
1074 1731 1123 1797 ΠΙ
1142 1731 1218 1818 225,
1237 1730 1286 1819 1),
1314 1732 1369 1797 sed
1391 1736 1480 1796 totus

306 1841 361 1906 ille
384 1843 475 1907 locus
499 1845 531 1905 et
554 1841 657 1925 ipsius
681 1840 822 1905 rhetoris
845 1841 943 1905 verba
966 1841 1013 1904 ita
1037 1843 1189 1924 corrupta
1211 1844 1300 1924 sunt,
1329 1842 1366 1903 ut
1388 1838 1481 1903 intel-

305 1949 372 2035 legi
394 1949 484 2013 nullo
508 1948 603 2013 modo
627 1947 763 2032 possint.
801 1946 916 2031 Itaque
937 1948 999 2012 hoo
1021 1948 1245 2012 testimonium
1262 1945 1357 2010 liceat
1374 1945 1481 2031 negle-

307 2078 390 2143 gere.
417 2094 455 2103 —
480 2053 601 2120 Versus
627 2055 690 2118 748
723 2076 799 2138 pars
830 2054 952 2140 legitur
984 2054 1069 2138 apud
1101 2053 1310 2118 Plutarchum
1333 2050 1480 2140 (Conviv.

307 2168 429 2248 quaest.
449 2186 479 2247 p.
497 2163 560 2226 703
571 2161 600 2247 d,
619 2160 676 2245 IV,
691 2162 754 2226 266
764 2158 830 2248 Β),
852 2160 937 2224 idem
956 2161 1081 2246 integer
1100 2160 1186 2245 apud
1203 2160 1367 2225 Pollucem
1382 2159 1422 2246 Χ,
1437 2161 1479 2223 99

306 2293 336 2354 p.
356 2270 422 2334 426
431 2269 468 2333 Β.
496 2272 529 2332 et
551 2267 757 2352 Tryphonem
785 2266 860 2352 περὶ
888 2270 1020 2352 τρόπον
1042 2267 1143 2331 Walz.
1162 2266 1257 2333 Rhet.
1277 2265 1388 2353 VIIII,
1408 2265 1481 2331 735.

306 2376 351 2440 Hi
381 2376 510 2460 utrique
541 2372 631 2462 (nam
661 2373 853 2438 Plutarchus
882 2374 1017 2439 verbum
1046 2378 1247 2459 postremum
1274 2372 1398 2461 omisit)
1421 2396 1480 2457 pro

307 2483 478 2567 ἀνέλοντο,
517 2482 603 2566 quod
639 2487 689 2546 est
725 2482 760 2546 in
790 2481 884 2546 libris
912 2479 1096 2568 Hesiodeis,
1130 2481 1297 2566 ἀφέλοντο
1326 2481 1480 2566 praebent

305 2589 476 2654 lectionem
500 2611 576 2653 sane
600 2589 771 2674 optimam3
795 2589 850 2654 sod
868 2610 941 2653 cum
959 2611 1059 2653 unum
1077 2587 1139 2653 hoc
1157 2589 1241 2653 adsit
1259 2588 1480 2653 testimonium

306 2697 491 2781 Tryphonis
522 2697 557 2760 in
588 2696 749 2761 Hesiodea
782 2696 884 2785 verba
910 2717 1073 2780 unumque
1106 2695 1261 2781 Pollucis,
1294 2718 1357 2780 quo
1389 2700 1500 2789 totusx

307 2808 411 2869 exstet
433 2803 613 2868 Hesiodeus
640 2825 766 2890 versus,
794 2826 904 2868 corum
928 2803 1153 2869 auctoritatem
1176 2804 1255 2868 adeo
1278 2825 1345 2868 non
1367 2825 1480 2887 exper—
1500 2789 1508 2796 ’ἣ

305 2915 373 2975 tam
404 2910 523 2997 habeo,
559 2914 596 2974 ut
627 2910 706 2974 haec
737 2910 952 2995 discrepantia
983 2911 1018 2974 in
1048 2909 1153 2975 medio
1185 2910 1394 2994 relinquenda
1427 2910 1479 2976 sit.

306 3016 457 3083 Ceterum
478 3018 514 3082 in
535 3018 691 3082 mantissa
712 3018 958 3102 proverbiorum
976 3015 1018 3100 II,
1036 3015 1057 3080 5
1077 3016 1235 3103 (Paroem.
1255 3039 1301 3103 gr.
1316 3013 1480 3104 Leutsoh.)

305 3125 358 3188 hic
389 3146 501 3189 versus
532 3124 678 3188 funditus
711 3124 881 3208 corruptus
909 3128 973 3210 est3
1006 3123 1166 3190 ἀνελόντα
1193 3129 1302 3189 tamen
1329 3123 1480 3188 exhibent

304 3230 389 3295 libri.
423 3269 465 3277 —
498 3229 547 3294 De
579 3253 607 3294 v.
633 3229 696 3293 753
729 3230 801 3294 vide
833 3229 1031 3296 Clementem
1063 3230 1197 3317 Paedag.
1225 3230 1275 3296 ΙΙΙ
1306 3255 1336 3315 p.
1365 3230 1430 3295 272
1444 3229 1480 3314 P.

306 3335 337 3425 (Ι
357 3335 431 3420 352,
453 3339 492 3402 17
507 3335 628 3423 Dina).
656 3374 692 3384 -
718 3336 878 3402 Postremi
901 3338 964 3403 duo
987 3337 1084 3403 huius
1107 3339 1210 3422 partis
1232 3361 1344 3404 versus
1364 3337 1428 3401 763
1447 3340 1479 3401 et

308 3444 373 3509 764
404 3444 439 3507 in
471 3443 615 3508 omnium
642 3466 697 3508 ore
725 3448 829 3530 erant3
862 3446 1011 3529 qualibus
1038 3445 1177 3510 laudatis
1207 3448 1388 3511 accuratam
1411 3442 1480 3507 dili-

306 3550 449 3636 gentiam
467 3550 639 3616 desiderari
657 3552 722 3616 iam
741 3553 869 3637 saepius
888 3553 1036 3618 vidimus.
1063 3542 1176 3617 Nihilo
1190 3553 1297 3617 minus
1311 3550 1481 3637 Aristides,

307 3680 402 3742 quem
430 3657 544 3743 quanti
570 3657 725 3723 faciamus
748 3661 812 3724 iam
836 3661 913 3746 sois,
941 3683 1052 3725 versus
1075 3661 1122 3741 ita
1145 3660 1257 3725 citavit
1279 3659 1314 3722 in
1337 3680 1381 3723 or.
1404 3653 1479 3741 περὶ

305 3777 372 3831 τῶν
399 3789 461 3831 τετ.
480 3763 513 3829 Il
532 3765 611 3852 201,
630 3764 774 3851 onina,
802 3770 839 3830 ut
865 3767 901 3830 in
928 3767 1061 3851 optimis
1086 3765 1180 3831 libris
1199 3764 1287 3831 AOD
1310 3763 1479 3829 Hesiodeis

305 3872 521 3937 inveniuntur.
567 3870 689 3937 Contra
720 3893 816 3956 quem
838 3872 1010 3937 memoriae
1034 3895 1111 3938 suae
1134 3895 1192 3938 suo
1217 3894 1292 3937 sane
1315 3872 1384 3936 iure
1407 3891 1479 3934 con-

305 3979 402 4043 fidere
429 3979 568 4044 vidimus
593 3978 787 4044 Aristoteles
811 3977 902 4066 (nah.
925 3977 1049 4045 Nicom.
1069 3979 1142 4064 VII,
1163 3980 1206 4044 14
1228 4003 1258 4064 p.
1280 3978 1392 4062 115313
1412 3974 1480 4063 27),

304 4086 506 4170 transposuit
527 4087 625 4151 verba
643 4085 760 4152 πολλοὶ
779 4091 862 4152 λαοί.
899 4086 988 4151 Idem
1006 4086 1082 4151 fecit
1101 4085 1291 4172 Aeschines3
1314 4086 1370 4151 sed
1388 4088 1480 4148 tanta

306 4197 356 4257 est
383 4193 468 4257 inter
494 4193 597 4258 libros
625 4194 803 4281 contentio,
834 4198 871 4258 ut
898 4192 1039 4258 laudatis
1067 4194 1118 4258 bis
1146 4193 1304 4259 ambobus
1331 4192 1479 4257 versibus

306 4304 418 4365 contra
448 4298 529 4365 Tim
552 4323 582 4384 p.
603 4299 667 4365 129
681 4296 719 4365 R.
750 4304 782 4365 et
813 4300 851 4364 de
881 4299 963 4365 falsa
992 4299 1053 4386 leg.
1077 4323 1107 4385 p.
1128 4301 1192 4366 144
1206 4299 1245 4365 R.
1276 4298 1377 4365 altero
1407 4298 1479 4363 loco

304 4408 408 4471 maior
426 4429 501 4491 pars
521 4408 718 4490 optimorum
736 4406 895 4472 librorum
914 4407 1064 4472 exhibeat
1082 4411 1203 4488 πολλοί
1219 4411 1303 4494 λαοί,
1326 4408 1361 4471 in
1380 4427 1426 4471 or.
1441 4405 1480 4469 de

304 4513 389 4577 falsa
417 4514 478 4599 leg.
508 4514 621 4578 habita
651 4519 728 4580 λαοί
755 4519 880 4580 πολλοί.
926 4512 997 4580 Ηοο
1026 4536 1102 4579 vero
1132 4514 1203 4579 loco
1234 4514 1263 4578 ei
1291 4518 1383 4579 erant
1406 4516 1482 4577 ante
