<?xml version="1.0" encoding="UTF-8"?>
<!DOCTYPE html PUBLIC "-//W3C//DTD XHTML 1.0 Transitional//EN"
    "http://www.w3.org/TR/xhtml1/DTD/xhtml1-transitional.dtd">
<html xmlns="http://www.w3.org/1999/xhtml" xml:lang="en" lang="en">
 <head>
  <title>
</title>
<meta http-equiv="Content-Type" content="text/html;charset=utf-8" />
  <meta name='ocr-system' content='tesseract 3.04.00' />
  <meta name='ocr-capabilities' content='ocr_page ocr_carea ocr_par ocr_line ocrx_word'/>
</head>
<body>
  <div class='ocr_page' id='page_1' title='image "./studiahesiodeas01dimigoog_0023.png"; bbox 0 0 3342 5168; ppageno 0'>
   <div class='ocr_carea' id='block_1_1' title="bbox 321 309 1165 380">
    <p class='ocr_par' dir='ltr' id='par_1_1' title="bbox 321 309 1165 380">
     <span class='ocr_line' id='line_1_1' title="bbox 321 309 1165 380; baseline 0.001 -15"><span class='ocrx_word' id='word_1_1' title='bbox 321 310 363 375; x_wconf 89' lang='grc'><strong>14</strong></span> <span class='ocrx_word' id='word_1_2' title='bbox 646 310 689 364; x_wconf 91' lang='lat' dir='ltr'><strong>De</strong></span> <span class='ocrx_word' id='word_1_3' title='bbox 708 309 821 365; x_wconf 80' lang='lat' dir='ltr'><strong>scholiis</strong></span> <span class='ocrx_word' id='word_1_4' title='bbox 841 311 877 364; x_wconf 89' lang='lat' dir='ltr'><strong>ad</strong></span> <span class='ocrx_word' id='word_1_5' title='bbox 897 309 989 380; x_wconf 86' lang='lat' dir='ltr'><strong>Opera</strong></span> <span class='ocrx_word' id='word_1_6' title='bbox 1007 310 1165 380; x_wconf 78' lang='lat' dir='ltr'>adscriptis.</span> 
     </span>
    </p>
   </div>
   <div class='ocr_carea' id='block_1_2' title="bbox 319 471 1495 2686">
    <p class='ocr_par' dir='ltr' id='par_1_2' title="bbox 319 471 1494 1408">
     <span class='ocr_line' id='line_1_2' title="bbox 324 471 1493 557; baseline 0.003 -21"><span class='ocrx_word' id='word_1_7' title='bbox 324 473 472 557; x_wconf 84' lang='lat' dir='ltr'><strong>agnovit,</strong></span> <span class='ocrx_word' id='word_1_8' title='bbox 503 472 599 555; x_wconf 91' lang='lat' dir='ltr'><strong>paulo</strong></span> <span class='ocrx_word' id='word_1_9' title='bbox 632 477 706 536; x_wconf 91' lang='lat' dir='ltr'><strong>ante</strong></span> <span class='ocrx_word' id='word_1_10' title='bbox 738 473 818 537; x_wconf 90' lang='lat' dir='ltr'><strong>duos</strong></span> <span class='ocrx_word' id='word_1_11' title='bbox 845 495 864 536; x_wconf 92' lang='lat' dir='ltr'><strong>a</strong></span> <span class='ocrx_word' id='word_1_12' title='bbox 891 473 1005 537; x_wconf 88' lang='lat' dir='ltr'><strong>ceteris</strong></span> <span class='ocrx_word' id='word_1_13' title='bbox 1031 472 1178 537; x_wconf 89' lang='lat' dir='ltr'><strong>fontibus</strong></span> <span class='ocrx_word' id='word_1_14' title='bbox 1204 471 1326 537; x_wconf 89' lang='lat' dir='ltr'><strong>alienos</strong></span> <span class='ocrx_word' id='word_1_15' title='bbox 1352 473 1493 557; x_wconf 89' lang='lat' dir='ltr'><strong>praebet.</strong></span> 
     </span>
     <span class='ocr_line' id='line_1_3' title="bbox 322 576 1493 665; baseline 0.002 -23"><span class='ocrx_word' id='word_1_16' title='bbox 322 578 463 643; x_wconf 82' lang='lat' dir='ltr'><strong>Versum</strong></span> <span class='ocrx_word' id='word_1_17' title='bbox 472 579 514 643; x_wconf 89' lang='grc'><strong>99</strong></span> <span class='ocrx_word' id='word_1_18' title='bbox 529 601 593 643; x_wconf 89' lang='lat' dir='ltr'><strong>una</strong></span> <span class='ocrx_word' id='word_1_19' title='bbox 606 601 679 643; x_wconf 91' lang='lat' dir='ltr'><strong>eum</strong></span> <span class='ocrx_word' id='word_1_20' title='bbox 688 578 864 644; x_wconf 73' lang='lat' dir='ltr'>Plutarcho</span> <span class='ocrx_word' id='word_1_21' title='bbox 878 579 963 643; x_wconf 85' lang='lat' dir='ltr'><strong>idem</strong></span> <span class='ocrx_word' id='word_1_22' title='bbox 976 580 1114 665; x_wconf 77' lang='lat' dir='ltr'><strong>ignorat.</strong></span> <span class='ocrx_word' id='word_1_23' title='bbox 1145 576 1267 644; x_wconf 84' lang='lat' dir='ltr'><strong>Oontra</strong></span> <span class='ocrx_word' id='word_1_24' title='bbox 1280 601 1408 644; x_wconf 88' lang='lat' dir='ltr'><strong>versum</strong></span> <span class='ocrx_word' id='word_1_25' title='bbox 1419 581 1493 665; x_wconf 85' lang='lat'><strong>169,</strong></span> 
     </span>
     <span class='ocr_line' id='line_1_4' title="bbox 326 683 1494 770; baseline 0 -20"><span class='ocrx_word' id='word_1_26' title='bbox 326 685 382 770; x_wconf 89' lang='lat' dir='ltr'><strong>qui</strong></span> <span class='ocrx_word' id='word_1_27' title='bbox 401 684 442 749; x_wconf 89' lang='lat' dir='ltr'><strong>ab</strong></span> <span class='ocrx_word' id='word_1_28' title='bbox 461 685 583 768; x_wconf 91' lang='lat' dir='ltr'><strong>optimo</strong></span> <span class='ocrx_word' id='word_1_29' title='bbox 604 685 711 750; x_wconf 89' lang='lat' dir='ltr'><strong>codice</strong></span> <span class='ocrx_word' id='word_1_30' title='bbox 729 685 890 750; x_wconf 90' lang='lat' dir='ltr'><strong>Hesiodeo</strong></span> <span class='ocrx_word' id='word_1_31' title='bbox 910 686 1012 770; x_wconf 88' lang='lat' dir='ltr'><strong>abest,</strong></span> <span class='ocrx_word' id='word_1_32' title='bbox 1035 685 1168 770; x_wconf 81' lang='lat' dir='ltr'><strong>agnovit</strong></span> <span class='ocrx_word' id='word_1_33' title='bbox 1187 684 1357 749; x_wconf 88' lang='lat' dir='ltr'><strong>Zenobius.</strong></span> <span class='ocrx_word' id='word_1_34' title='bbox 1394 683 1494 770; x_wconf 86' lang='lat' dir='ltr'><strong>Adde,</strong></span> 
     </span>
     <span class='ocr_line' id='line_1_5' title="bbox 323 790 1494 877; baseline 0.001 -21"><span class='ocrx_word' id='word_1_35' title='bbox 323 792 409 875; x_wconf 89' lang='lat' dir='ltr'><strong>quod</strong></span> <span class='ocrx_word' id='word_1_36' title='bbox 435 812 548 856; x_wconf 89' lang='lat' dir='ltr'><strong>versus</strong></span> <span class='ocrx_word' id='word_1_37' title='bbox 571 790 748 855; x_wconf 80' lang='lat'>244—245</span> <span class='ocrx_word' id='word_1_38' title='bbox 776 813 842 856; x_wconf 89' lang='lat' dir='ltr'><strong>non</strong></span> <span class='ocrx_word' id='word_1_39' title='bbox 863 791 992 877; x_wconf 82' lang='lat' dir='ltr'><strong>legebat</strong></span> <span class='ocrx_word' id='word_1_40' title='bbox 1015 790 1191 856; x_wconf 73' lang='lat' dir='ltr'>Aeschines</span> <span class='ocrx_word' id='word_1_41' title='bbox 1213 812 1317 874; x_wconf 89' lang='lat' dir='ltr'><strong>neque</strong></span> <span class='ocrx_word' id='word_1_42' title='bbox 1339 791 1494 876; x_wconf 79' lang='lat' dir='ltr'><strong>interpre</strong></span> 
     </span>
     <span class='ocr_line' id='line_1_6' title="bbox 319 897 1493 984; baseline 0.001 -22"><span class='ocrx_word' id='word_1_43' title='bbox 319 903 408 963; x_wconf 86' lang='lat' dir='ltr'><strong>tatus</strong></span> <span class='ocrx_word' id='word_1_44' title='bbox 431 901 480 962; x_wconf 90' lang='lat' dir='ltr'><strong>est</strong></span> <span class='ocrx_word' id='word_1_45' title='bbox 502 897 705 984; x_wconf 75' lang='lat' dir='ltr'><strong>Plutarchus,</strong></span> <span class='ocrx_word' id='word_1_46' title='bbox 728 898 784 982; x_wconf 89' lang='lat' dir='ltr'><strong>qui</strong></span> <span class='ocrx_word' id='word_1_47' title='bbox 806 920 847 963; x_wconf 90' lang='lat' dir='ltr'><strong>ne</strong></span> <span class='ocrx_word' id='word_1_48' title='bbox 868 920 980 962; x_wconf 89' lang='lat' dir='ltr'><strong>versus</strong></span> <span class='ocrx_word' id='word_1_49' title='bbox 1003 898 1132 982; x_wconf 89' lang='lat' dir='ltr'><strong>quidem</strong></span> <span class='ocrx_word' id='word_1_50' title='bbox 1154 897 1328 962; x_wconf 76' lang='lat'>794-797</span> <span class='ocrx_word' id='word_1_51' title='bbox 1351 902 1493 964; x_wconf 91' lang='lat' dir='ltr'><strong>noverat.</strong></span> 
     </span>
     <span class='ocr_line' id='line_1_7' title="bbox 319 1003 1493 1091; baseline -0.001 -22"><span class='ocrx_word' id='word_1_52' title='bbox 319 1003 358 1069; x_wconf 93' lang='lat' dir='ltr'><strong>In</strong></span> <span class='ocrx_word' id='word_1_53' title='bbox 389 1004 537 1071; x_wconf 89' lang='lat' dir='ltr'><strong>versibus</strong></span> <span class='ocrx_word' id='word_1_54' title='bbox 569 1026 696 1088; x_wconf 89' lang='lat' dir='ltr'><strong>quoque</strong></span> <span class='ocrx_word' id='word_1_55' title='bbox 722 1003 1126 1091; x_wconf 77' lang='lat'><strong>123-124‚293-295,</strong></span> <span class='ocrx_word' id='word_1_56' title='bbox 1157 1004 1231 1068; x_wconf 88' lang='lat' dir='ltr'><strong>aliis</strong></span> <span class='ocrx_word' id='word_1_57' title='bbox 1263 1003 1493 1088; x_wconf 76' lang='lat' dir='ltr'><strong>discrepantiae</strong></span> 
     </span>
     <span class='ocr_line' id='line_1_8' title="bbox 319 1110 1494 1196; baseline -0.003 -19"><span class='ocrx_word' id='word_1_58' title='bbox 319 1115 396 1177; x_wconf 89' lang='lat' dir='ltr'><strong>sunt</strong></span> <span class='ocrx_word' id='word_1_59' title='bbox 432 1131 625 1196; x_wconf 79' lang='lat' dir='ltr'><strong>permagnae</strong></span> <span class='ocrx_word' id='word_1_60' title='bbox 661 1111 746 1175; x_wconf 89' lang='lat' dir='ltr'><strong>inter</strong></span> <span class='ocrx_word' id='word_1_61' title='bbox 783 1111 933 1194; x_wconf 90' lang='lat' dir='ltr'><strong>antiquos</strong></span> <span class='ocrx_word' id='word_1_62' title='bbox 969 1112 1141 1195; x_wconf 88' lang='lat' dir='ltr'><strong>scriptores</strong></span> <span class='ocrx_word' id='word_1_63' title='bbox 1173 1115 1205 1175; x_wconf 90' lang='lat' dir='ltr'><strong>et</strong></span> <span class='ocrx_word' id='word_1_64' title='bbox 1237 1110 1402 1195; x_wconf 83' lang='lat' dir='ltr'><strong>librarios,</strong></span> <span class='ocrx_word' id='word_1_65' title='bbox 1438 1111 1494 1194; x_wconf 89' lang='lat' dir='ltr'><strong>qui</strong></span> 
     </span>
     <span class='ocr_line' id='line_1_9' title="bbox 320 1216 1494 1303; baseline -0.002 -21"><span class='ocrx_word' id='word_1_66' title='bbox 320 1216 482 1282; x_wconf 86' lang='lat' dir='ltr'><strong>Hesiodea</strong></span> <span class='ocrx_word' id='word_1_67' title='bbox 509 1221 777 1303; x_wconf 80' lang='lat' dir='ltr'><strong>propagaverunt,</strong></span> <span class='ocrx_word' id='word_1_68' title='bbox 823 1217 929 1282; x_wconf 88' lang='lat' dir='ltr'><strong>Multa</strong></span> <span class='ocrx_word' id='word_1_69' title='bbox 956 1221 1031 1282; x_wconf 90' lang='lat' dir='ltr'><strong>sunt</strong></span> <span class='ocrx_word' id='word_1_70' title='bbox 1058 1218 1091 1282; x_wconf 93' lang='lat' dir='ltr'><strong>id</strong></span> <span class='ocrx_word' id='word_1_71' title='bbox 1117 1239 1217 1303; x_wconf 85' lang='lat' dir='ltr'><strong>genus</strong></span> <span class='ocrx_word' id='word_1_72' title='bbox 1241 1217 1316 1280; x_wconf 89' lang='lat' dir='ltr'><strong>alia:</strong></span> <span class='ocrx_word' id='word_1_73' title='bbox 1342 1216 1494 1281; x_wconf 89' lang='lat' dir='ltr'><strong>nolumus</strong></span> 
     </span>
     <span class='ocr_line' id='line_1_10' title="bbox 319 1324 752 1408; baseline -0.005 -19"><span class='ocrx_word' id='word_1_74' title='bbox 319 1328 432 1389; x_wconf 89' lang='lat' dir='ltr'><strong>nostra</strong></span> <span class='ocrx_word' id='word_1_75' title='bbox 454 1345 539 1389; x_wconf 92' lang='lat' dir='ltr'><strong>nunc</strong></span> <span class='ocrx_word' id='word_1_76' title='bbox 562 1324 752 1408; x_wconf 88' lang='lat' dir='ltr'><strong>praeripere.</strong></span> 
     </span>
    </p>

    <p class='ocr_par' dir='ltr' id='par_1_3' title="bbox 320 1430 1495 2048">
     <span class='ocr_line' id='line_1_11' title="bbox 410 1430 1493 1515; baseline 0 -21"><span class='ocrx_word' id='word_1_77' title='bbox 410 1430 497 1507; x_wconf 81' lang='lat' dir='ltr'><strong>Quae</strong></span> <span class='ocrx_word' id='word_1_78' title='bbox 520 1452 593 1494; x_wconf 91' lang='lat' dir='ltr'><strong>cum</strong></span> <span class='ocrx_word' id='word_1_79' title='bbox 614 1431 662 1495; x_wconf 87' lang='lat' dir='ltr'><strong>ita</strong></span> <span class='ocrx_word' id='word_1_80' title='bbox 680 1430 755 1515; x_wconf 89' lang='lat' dir='ltr'><strong>sint,</strong></span> <span class='ocrx_word' id='word_1_81' title='bbox 778 1431 923 1515; x_wconf 83' lang='lat' dir='ltr'><strong>cogimur</strong></span> <span class='ocrx_word' id='word_1_82' title='bbox 941 1431 1008 1495; x_wconf 89' lang='lat' dir='ltr'><strong>sive</strong></span> <span class='ocrx_word' id='word_1_83' title='bbox 1026 1430 1264 1494; x_wconf 85' lang='lat' dir='ltr'><strong>recensionis</strong></span> <span class='ocrx_word' id='word_1_84' title='bbox 1283 1430 1350 1494; x_wconf 88' lang='lat' dir='ltr'><strong>sive</strong></span> <span class='ocrx_word' id='word_1_85' title='bbox 1367 1451 1493 1494; x_wconf 88' lang='lat' dir='ltr'><strong>recen-</strong></span> 
     </span>
     <span class='ocr_line' id='line_1_12' title="bbox 320 1534 1495 1622; baseline -0.002 -21"><span class='ocrx_word' id='word_1_86' title='bbox 320 1538 471 1602; x_wconf 88' lang='lat' dir='ltr'><strong>sionum</strong></span> <span class='ocrx_word' id='word_1_87' title='bbox 486 1537 706 1601; x_wconf 83' lang='lat' dir='ltr'><strong>diversitatem</strong></span> <span class='ocrx_word' id='word_1_88' title='bbox 721 1537 880 1621; x_wconf 89' lang='lat' dir='ltr'><strong>quandam</strong></span> <span class='ocrx_word' id='word_1_89' title='bbox 895 1537 958 1622; x_wconf 88' lang='lat' dir='ltr'><strong>ipsi</strong></span> <span class='ocrx_word' id='word_1_90' title='bbox 972 1536 1161 1620; x_wconf 90' lang='lat' dir='ltr'><strong>antiquitati</strong></span> <span class='ocrx_word' id='word_1_91' title='bbox 1178 1536 1363 1600; x_wconf 86' lang='lat' dir='ltr'><strong>attribuere.</strong></span> <span class='ocrx_word' id='word_1_92' title='bbox 1391 1534 1495 1612; x_wconf 84' lang='lat' dir='ltr'><strong>Quan-</strong></span> 
     </span>
     <span class='ocr_line' id='line_1_13' title="bbox 323 1642 1495 1729; baseline -0.002 -22"><span class='ocrx_word' id='word_1_93' title='bbox 323 1649 393 1707; x_wconf 91' lang='lat' dir='ltr'><strong>tum</strong></span> <span class='ocrx_word' id='word_1_94' title='bbox 421 1643 561 1727; x_wconf 88' lang='lat' dir='ltr'><strong>supersit</strong></span> <span class='ocrx_word' id='word_1_95' title='bbox 589 1665 628 1708; x_wconf 90' lang='lat' dir='ltr'><strong>ex</strong></span> <span class='ocrx_word' id='word_1_96' title='bbox 656 1644 756 1708; x_wconf 88' lang='lat' dir='ltr'><strong>altera</strong></span> <span class='ocrx_word' id='word_1_97' title='bbox 779 1643 977 1729; x_wconf 89' lang='lat' dir='ltr'><strong>recensione,</strong></span> <span class='ocrx_word' id='word_1_98' title='bbox 1013 1647 1133 1726; x_wconf 89' lang='lat' dir='ltr'><strong>quanta</strong></span> <span class='ocrx_word' id='word_1_99' title='bbox 1164 1642 1261 1706; x_wconf 85' lang='lat' dir='ltr'><strong>fuerit</strong></span> <span class='ocrx_word' id='word_1_100' title='bbox 1294 1643 1495 1728; x_wconf 89' lang='lat' dir='ltr'><strong>auctoritate,</strong></span> 
     </span>
     <span class='ocr_line' id='line_1_14' title="bbox 321 1748 1494 1834; baseline -0.002 -20"><span class='ocrx_word' id='word_1_101' title='bbox 321 1772 403 1834; x_wconf 88' lang='lat' dir='ltr'><strong>quae</strong></span> <span class='ocrx_word' id='word_1_102' title='bbox 437 1749 574 1834; x_wconf 89' lang='lat' dir='ltr'><strong>denique</strong></span> <span class='ocrx_word' id='word_1_103' title='bbox 605 1751 807 1815; x_wconf 88' lang='lat' dir='ltr'><strong>necessitudo</strong></span> <span class='ocrx_word' id='word_1_104' title='bbox 839 1750 1015 1815; x_wconf 88' lang='lat' dir='ltr'><strong>intercedat</strong></span> <span class='ocrx_word' id='word_1_105' title='bbox 1045 1750 1130 1813; x_wconf 89' lang='lat' dir='ltr'><strong>inter</strong></span> <span class='ocrx_word' id='word_1_106' title='bbox 1158 1748 1378 1813; x_wconf 88' lang='lat' dir='ltr'><strong>oblitteratam</strong></span> <span class='ocrx_word' id='word_1_107' title='bbox 1405 1749 1494 1813; x_wconf 90' lang='lat' dir='ltr'><strong>illam</strong></span> 
     </span>
     <span class='ocr_line' id='line_1_15' title="bbox 321 1855 1493 1941; baseline -0.002 -20"><span class='ocrx_word' id='word_1_108' title='bbox 321 1861 353 1921; x_wconf 90' lang='lat' dir='ltr'><strong>et</strong></span> <span class='ocrx_word' id='word_1_109' title='bbox 375 1857 415 1921; x_wconf 92' lang='lat' dir='ltr'><strong>ad</strong></span> <span class='ocrx_word' id='word_1_110' title='bbox 433 1857 511 1922; x_wconf 89' lang='lat' dir='ltr'><strong>haec</strong></span> <span class='ocrx_word' id='word_1_111' title='bbox 529 1857 655 1922; x_wconf 87' lang='lat' dir='ltr'><strong>saecula</strong></span> <span class='ocrx_word' id='word_1_112' title='bbox 672 1857 826 1922; x_wconf 88' lang='lat' dir='ltr'><strong>traditam</strong></span> <span class='ocrx_word' id='word_1_113' title='bbox 844 1857 1040 1941; x_wconf 84' lang='lat' dir='ltr'><strong>memoriam,</strong></span> <span class='ocrx_word' id='word_1_114' title='bbox 1063 1855 1096 1920; x_wconf 94' lang='lat' dir='ltr'><strong>id</strong></span> <span class='ocrx_word' id='word_1_115' title='bbox 1114 1856 1222 1939; x_wconf 90' lang='lat' dir='ltr'><strong>ipsum</strong></span> <span class='ocrx_word' id='word_1_116' title='bbox 1241 1877 1392 1939; x_wconf 89' lang='lat' dir='ltr'><strong>quaerere</strong></span> <span class='ocrx_word' id='word_1_117' title='bbox 1413 1855 1493 1919; x_wconf 92' lang='lat' dir='ltr'><strong>mihi</strong></span> 
     </span>
     <span class='ocr_line' id='line_1_16' title="bbox 321 1964 712 2048; baseline 0.003 -21"><span class='ocrx_word' id='word_1_118' title='bbox 321 1985 408 2028; x_wconf 91' lang='lat' dir='ltr'><strong>nunc</strong></span> <span class='ocrx_word' id='word_1_119' title='bbox 430 1968 480 2027; x_wconf 88' lang='lat' dir='ltr'><strong>est</strong></span> <span class='ocrx_word' id='word_1_120' title='bbox 502 1964 712 2048; x_wconf 88' lang='lat' dir='ltr'><strong>propositum.</strong></span> 
     </span>
    </p>

    <p class='ocr_par' dir='ltr' id='par_1_4' title="bbox 320 2067 1493 2686">
     <span class='ocr_line' id='line_1_17' title="bbox 411 2067 1493 2157; baseline -0.002 -23"><span class='ocrx_word' id='word_1_121' title='bbox 411 2067 493 2134; x_wconf 82' lang='lat' dir='ltr'><strong>Oum</strong></span> <span class='ocrx_word' id='word_1_122' title='bbox 514 2074 620 2134; x_wconf 89' lang='lat' dir='ltr'><strong>autem</strong></span> <span class='ocrx_word' id='word_1_123' title='bbox 639 2070 757 2153; x_wconf 85' lang='lat' dir='ltr'><strong>duplex</strong></span> <span class='ocrx_word' id='word_1_124' title='bbox 775 2073 887 2153; x_wconf 86' lang='lat' dir='ltr'><strong>pateat</strong></span> <span class='ocrx_word' id='word_1_125' title='bbox 905 2070 967 2157; x_wconf 91' lang='lat' dir='ltr'><strong>via,</strong></span> <span class='ocrx_word' id='word_1_126' title='bbox 989 2092 1053 2133; x_wconf 91' lang='lat' dir='ltr'><strong>una</strong></span> <span class='ocrx_word' id='word_1_127' title='bbox 1071 2090 1128 2153; x_wconf 88' lang='lat' dir='ltr'><strong>per</strong></span> <span class='ocrx_word' id='word_1_128' title='bbox 1145 2072 1289 2133; x_wconf 90' lang='lat' dir='ltr'><strong>veterum</strong></span> <span class='ocrx_word' id='word_1_129' title='bbox 1309 2069 1493 2134; x_wconf 89' lang='lat' dir='ltr'><strong>criticorum</strong></span> 
     </span>
     <span class='ocr_line' id='line_1_18' title="bbox 322 2175 1493 2261; baseline -0.001 -21"><span class='ocrx_word' id='word_1_130' title='bbox 322 2175 576 2260; x_wconf 88' lang='lat' dir='ltr'><strong>observationes,</strong></span> <span class='ocrx_word' id='word_1_131' title='bbox 608 2176 710 2240; x_wconf 92' lang='lat' dir='ltr'><strong>altera</strong></span> <span class='ocrx_word' id='word_1_132' title='bbox 741 2197 798 2259; x_wconf 92' lang='lat' dir='ltr'><strong>per</strong></span> <span class='ocrx_word' id='word_1_133' title='bbox 831 2176 1017 2241; x_wconf 86' lang='lat' dir='ltr'><strong>testimonia</strong></span> <span class='ocrx_word' id='word_1_134' title='bbox 1049 2197 1160 2240; x_wconf 91' lang='lat' dir='ltr'><strong>eorum</strong></span> <span class='ocrx_word' id='word_1_135' title='bbox 1192 2175 1401 2261; x_wconf 88' lang='lat' dir='ltr'><strong>scriptorum,</strong></span> <span class='ocrx_word' id='word_1_136' title='bbox 1438 2176 1493 2258; x_wconf 90' lang='lat' dir='ltr'><strong>qui</strong></span> 
     </span>
     <span class='ocr_line' id='line_1_19' title="bbox 320 2281 1493 2368; baseline 0.001 -23"><span class='ocrx_word' id='word_1_137' title='bbox 320 2281 480 2346; x_wconf 87' lang='lat' dir='ltr'><strong>Hesiodea</strong></span> <span class='ocrx_word' id='word_1_138' title='bbox 507 2282 658 2368; x_wconf 90' lang='lat' dir='ltr'><strong>afferunt,</strong></span> <span class='ocrx_word' id='word_1_139' title='bbox 684 2283 867 2366; x_wconf 89' lang='lat' dir='ltr'><strong>proximum</strong></span> <span class='ocrx_word' id='word_1_140' title='bbox 895 2286 990 2367; x_wconf 90' lang='lat' dir='ltr'><strong>caput</strong></span> <span class='ocrx_word' id='word_1_141' title='bbox 1018 2282 1056 2345; x_wconf 90' lang='lat' dir='ltr'><strong>de</strong></span> <span class='ocrx_word' id='word_1_142' title='bbox 1084 2281 1216 2346; x_wconf 88' lang='lat' dir='ltr'><strong>scholiis</strong></span> <span class='ocrx_word' id='word_1_143' title='bbox 1240 2283 1302 2346; x_wconf 91' lang='lat' dir='ltr'><strong>erit</strong></span> <span class='ocrx_word' id='word_1_144' title='bbox 1326 2282 1366 2347; x_wconf 89' lang='lat' dir='ltr'><strong>ad</strong></span> <span class='ocrx_word' id='word_1_145' title='bbox 1389 2282 1493 2367; x_wconf 89' lang='lat' dir='ltr'><strong>Opera</strong></span> 
     </span>
     <span class='ocr_line' id='line_1_20' title="bbox 321 2388 1493 2475; baseline 0 -23"><span class='ocrx_word' id='word_1_146' title='bbox 321 2388 504 2475; x_wconf 86' lang='lat' dir='ltr'><strong>adscriptis,</strong></span> <span class='ocrx_word' id='word_1_147' title='bbox 540 2390 576 2453; x_wconf 92' lang='lat' dir='ltr'><strong>in</strong></span> <span class='ocrx_word' id='word_1_148' title='bbox 611 2390 709 2453; x_wconf 90' lang='lat' dir='ltr'><strong>tertio</strong></span> <span class='ocrx_word' id='word_1_149' title='bbox 744 2389 942 2453; x_wconf 82' lang='lat' dir='ltr'><strong>versabimur</strong></span> <span class='ocrx_word' id='word_1_150' title='bbox 972 2391 1007 2452; x_wconf 92' lang='lat' dir='ltr'><strong>in</strong></span> <span class='ocrx_word' id='word_1_151' title='bbox 1038 2390 1257 2454; x_wconf 86' lang='lat' dir='ltr'><strong>examinandis</strong></span> <span class='ocrx_word' id='word_1_152' title='bbox 1289 2389 1493 2473; x_wconf 85' lang='lat' dir='ltr'><strong>testimoniis,</strong></span> 
     </span>
     <span class='ocr_line' id='line_1_21' title="bbox 320 2494 1493 2581; baseline 0.001 -23"><span class='ocrx_word' id='word_1_153' title='bbox 320 2494 436 2559; x_wconf 90' lang='lat' dir='ltr'><strong>ultimo</strong></span> <span class='ocrx_word' id='word_1_154' title='bbox 463 2495 535 2560; x_wconf 91' lang='lat' dir='ltr'><strong>loco</strong></span> <span class='ocrx_word' id='word_1_155' title='bbox 563 2496 811 2579; x_wconf 88' lang='lat' dir='ltr'><strong>complectemur</strong></span> <span class='ocrx_word' id='word_1_156' title='bbox 838 2519 887 2581; x_wconf 89' lang='lat' dir='ltr'><strong>ea,</strong></span> <span class='ocrx_word' id='word_1_157' title='bbox 916 2517 997 2579; x_wconf 89' lang='lat' dir='ltr'><strong>quae</strong></span> <span class='ocrx_word' id='word_1_158' title='bbox 1024 2496 1063 2560; x_wconf 92' lang='lat' dir='ltr'><strong>de</strong></span> <span class='ocrx_word' id='word_1_159' title='bbox 1093 2496 1194 2560; x_wconf 89' lang='lat' dir='ltr'><strong>altera</strong></span> <span class='ocrx_word' id='word_1_160' title='bbox 1216 2496 1366 2561; x_wconf 88' lang='lat' dir='ltr'><strong>carminis</strong></span> <span class='ocrx_word' id='word_1_161' title='bbox 1389 2517 1493 2560; x_wconf 89' lang='lat' dir='ltr'><strong>recen·</strong></span> 
     </span>
     <span class='ocr_line' id='line_1_22' title="bbox 322 2601 926 2686; baseline 0.003 -21"><span class='ocrx_word' id='word_1_162' title='bbox 322 2601 413 2665; x_wconf 88' lang='lat' dir='ltr'><strong>sione</strong></span> <span class='ocrx_word' id='word_1_163' title='bbox 434 2602 529 2666; x_wconf 89' lang='lat' dir='ltr'><strong>nobis</strong></span> <span class='ocrx_word' id='word_1_164' title='bbox 553 2602 718 2667; x_wconf 89' lang='lat' dir='ltr'><strong>videamur</strong></span> <span class='ocrx_word' id='word_1_165' title='bbox 741 2603 926 2686; x_wconf 89' lang='lat' dir='ltr'><strong>repperisse.</strong></span> 
     </span>
    </p>
   </div>
   <div class='ocr_carea' id='block_1_3' title="bbox 814 2956 1001 3041">
    <p class='ocr_par' dir='ltr' id='par_1_5' title="bbox 814 2956 1001 3041">
     <span class='ocr_line' id='line_1_23' title="bbox 814 2956 1001 3041; baseline -0.005 -18"><span class='ocrx_word' id='word_1_166' title='bbox 814 2956 938 3041; x_wconf 75' lang='lat' dir='ltr'><strong>Caput</strong></span> <span class='ocrx_word' id='word_1_167' title='bbox 960 2957 1001 3022; x_wconf 89' lang='lat' dir='ltr'><strong>H.</strong></span> 
     </span>
    </p>
   </div>
   <div class='ocr_carea' id='block_1_4' title="bbox 585 3115 1230 3341">
    <p class='ocr_par' dir='ltr' id='par_1_6' title="bbox 585 3115 1230 3341">
     <span class='ocr_line' id='line_1_24' title="bbox 585 3115 1230 3215; baseline -0.002 -20"><span class='ocrx_word' id='word_1_168' title='bbox 585 3115 635 3195; x_wconf 81' lang='lat' dir='ltr'><strong>lle</strong></span> <span class='ocrx_word' id='word_1_169' title='bbox 663 3124 804 3194; x_wconf 89' lang='lat' dir='ltr'><strong>scholiis</strong></span> <span class='ocrx_word' id='word_1_170' title='bbox 833 3124 876 3193; x_wconf 87' lang='lat' dir='ltr'><strong>ad</strong></span> <span class='ocrx_word' id='word_1_171' title='bbox 903 3124 1010 3214; x_wconf 76' lang='lat' dir='ltr'><strong>Opera</strong></span> <span class='ocrx_word' id='word_1_172' title='bbox 1038 3124 1230 3215; x_wconf 86' lang='lat' dir='ltr'><strong>adscriptis.</strong></span> 
     </span>
     <span class='ocr_line' id='line_1_25' title="bbox 892 3278 920 3341; baseline 0 0"><span class='ocrx_word' id='word_1_173' title='bbox 892 3278 920 3341; x_wconf 91' lang='lat'><strong>1.</strong></span> 
     </span>
    </p>
   </div>
   <div class='ocr_carea' id='block_1_5' title="bbox 322 3374 1496 3701">
    <p class='ocr_par' dir='ltr' id='par_1_7' title="bbox 322 3374 1496 3701">
     <span class='ocr_line' id='line_1_26' title="bbox 412 3374 1496 3487; baseline 0 -23"><span class='ocrx_word' id='word_1_174' title='bbox 412 3399 590 3465; x_wconf 70' lang='lat' dir='ltr'><strong>nemean</strong></span> <span class='ocrx_word' id='word_1_175' title='bbox 613 3400 744 3466; x_wconf 69' lang='lat' dir='ltr'><strong>scholia</strong></span> <span class='ocrx_word' id='word_1_176' title='bbox 766 3400 844 3465; x_wconf 70' lang='lat' dir='ltr'><strong>ucri</strong></span> <span class='ocrx_word' id='word_1_177' title='bbox 866 3400 1026 3466; x_wconf 61' lang='lat' dir='ltr'><strong>Hesione.</strong></span> <span class='ocrx_word' id='word_1_178' title='bbox 1068 3374 1209 3467; x_wconf 58' lang='lat' dir='ltr'><strong>urescit</strong></span> <span class='ocrx_word' id='word_1_179' title='bbox 1232 3401 1423 3487; x_wconf 54' lang='lat' dir='ltr'><strong>maranata</strong></span> <span class='ocrx_word' id='word_1_180' title='bbox 1444 3400 1496 3465; x_wconf 74' lang='lat' dir='ltr'><strong>ve</strong></span> 
     </span>
     <span class='ocr_line' id='line_1_27' title="bbox 323 3505 1496 3592; baseline 0 -22"><span class='ocrx_word' id='word_1_181' title='bbox 323 3508 358 3571; x_wconf 90' lang='lat' dir='ltr'><strong>in</strong></span> <span class='ocrx_word' id='word_1_182' title='bbox 380 3507 600 3571; x_wconf 87' lang='lat' dir='ltr'><strong>vetustissimo</strong></span> <span class='ocrx_word' id='word_1_183' title='bbox 625 3507 731 3571; x_wconf 91' lang='lat' dir='ltr'><strong>codice</strong></span> <span class='ocrx_word' id='word_1_184' title='bbox 754 3505 788 3572; x_wconf 82' lang='lat'><strong>0.</strong></span> <span class='ocrx_word' id='word_1_185' title='bbox 834 3507 913 3571; x_wconf 86' lang='lat' dir='ltr'><strong>Fere</strong></span> <span class='ocrx_word' id='word_1_186' title='bbox 936 3509 1100 3592; x_wconf 90' lang='lat' dir='ltr'><strong>conspirat</strong></span> <span class='ocrx_word' id='word_1_187' title='bbox 1122 3509 1157 3572; x_wconf 94' lang='lat' dir='ltr'><strong>in</strong></span> <span class='ocrx_word' id='word_1_188' title='bbox 1180 3509 1226 3572; x_wconf 89' lang='lat' dir='ltr'><strong>eis</strong></span> <span class='ocrx_word' id='word_1_189' title='bbox 1249 3508 1348 3573; x_wconf 88' lang='lat' dir='ltr'><strong>codex</strong></span> <span class='ocrx_word' id='word_1_190' title='bbox 1369 3507 1496 3572; x_wconf 88' lang='lat' dir='ltr'><strong>Dorvil-</strong></span> 
     </span>
     <span class='ocr_line' id='line_1_28' title="bbox 322 3612 1496 3701; baseline -0.001 -24"><span class='ocrx_word' id='word_1_191' title='bbox 322 3614 428 3677; x_wconf 88' lang='lat' dir='ltr'><strong>lianus</strong></span> <span class='ocrx_word' id='word_1_192' title='bbox 456 3634 529 3677; x_wconf 91' lang='lat' dir='ltr'><strong>cum</strong></span> <span class='ocrx_word' id='word_1_193' title='bbox 552 3613 785 3678; x_wconf 88' lang='lat' dir='ltr'><strong>recentioribus</strong></span> <span class='ocrx_word' id='word_1_194' title='bbox 807 3613 963 3679; x_wconf 88' lang='lat' dir='ltr'><strong>Parisinis</strong></span> <span class='ocrx_word' id='word_1_195' title='bbox 986 3614 1094 3701; x_wconf 90' lang='lat' dir='ltr'><strong>libris,</strong></span> <span class='ocrx_word' id='word_1_196' title='bbox 1122 3637 1138 3678; x_wconf 90' lang='lat' dir='ltr'><strong>e</strong></span> <span class='ocrx_word' id='word_1_197' title='bbox 1162 3615 1280 3700; x_wconf 90' lang='lat' dir='ltr'><strong>quibus</strong></span> <span class='ocrx_word' id='word_1_198' title='bbox 1304 3614 1445 3698; x_wconf 89' lang='lat' dir='ltr'><strong>optimus</strong></span> <span class='ocrx_word' id='word_1_199' title='bbox 1467 3612 1496 3676; x_wconf 93' lang='lat' dir='ltr'><strong>B</strong></span> 
     </span>
    </p>
   </div>
   <div class='ocr_carea' id='block_1_6' title="bbox 324 3717 1496 3808">
    <p class='ocr_par' dir='ltr' id='par_1_8' title="bbox 324 3717 1496 3808">
     <span class='ocr_line' id='line_1_29' title="bbox 324 3717 1496 3808; baseline -0.002 -24"><span class='ocrx_word' id='word_1_200' title='bbox 324 3717 399 3806; x_wconf 86' lang='lat' dir='ltr'><strong>(No.</strong></span> <span class='ocrx_word' id='word_1_201' title='bbox 426 3718 544 3808; x_wconf 77' lang='lat'><strong>2708),</strong></span> <span class='ocrx_word' id='word_1_202' title='bbox 580 3720 667 3805; x_wconf 94' lang='lat' dir='ltr'><strong>quod</strong></span> <span class='ocrx_word' id='word_1_203' title='bbox 702 3720 741 3784; x_wconf 93' lang='lat' dir='ltr'><strong>fit</strong></span> <span class='ocrx_word' id='word_1_204' title='bbox 777 3721 874 3785; x_wconf 88' lang='lat' dir='ltr'><strong>etiam</strong></span> <span class='ocrx_word' id='word_1_205' title='bbox 906 3721 941 3784; x_wconf 91' lang='lat' dir='ltr'><strong>in</strong></span> <span class='ocrx_word' id='word_1_206' title='bbox 972 3721 1078 3785; x_wconf 90' lang='lat' dir='ltr'><strong>codice</strong></span> <span class='ocrx_word' id='word_1_207' title='bbox 1111 3720 1260 3786; x_wconf 75' lang='lat' dir='ltr'><strong>Gudiano</strong></span> <span class='ocrx_word' id='word_1_208' title='bbox 1289 3722 1345 3806; x_wconf 76' lang='lat'><strong>74,</strong></span> <span class='ocrx_word' id='word_1_209' title='bbox 1379 3741 1496 3785; x_wconf 90' lang='lat' dir='ltr'><strong>nomen</strong></span> 
     </span>
    </p>
   </div>
   <div class='ocr_carea' id='block_1_7' title="bbox 323 3826 1496 4126">
    <p class='ocr_par' dir='ltr' id='par_1_9' title="bbox 323 3826 1496 4126">
     <span class='ocr_line' id='line_1_30' title="bbox 324 3826 1496 3912; baseline -0.001 -21"><span class='ocrx_word' id='word_1_210' title='bbox 324 3829 482 3910; x_wconf 80' lang='grc' dir='ltr'><strong><em>Πρόκλου</em></strong></span> <span class='ocrx_word' id='word_1_211' title='bbox 511 3828 670 3911; x_wconf 74' lang='grc' dir='ltr'><em>διαδόχου</em></span> <span class='ocrx_word' id='word_1_212' title='bbox 697 3850 773 3912; x_wconf 89' lang='lat' dir='ltr'><strong>prae</strong></span> <span class='ocrx_word' id='word_1_213' title='bbox 802 3849 836 3892; x_wconf 88' lang='lat' dir='ltr'><strong>se</strong></span> <span class='ocrx_word' id='word_1_214' title='bbox 862 3827 934 3892; x_wconf 86' lang='lat' dir='ltr'><strong>fert.</strong></span> <span class='ocrx_word' id='word_1_215' title='bbox 980 3826 1055 3891; x_wconf 85' lang='lat' dir='ltr'><strong>Aha</strong></span> <span class='ocrx_word' id='word_1_216' title='bbox 1084 3832 1160 3892; x_wconf 90' lang='lat' dir='ltr'><strong>sunt</strong></span> <span class='ocrx_word' id='word_1_217' title='bbox 1188 3851 1206 3891; x_wconf 90' lang='lat' dir='ltr'><strong>a</strong></span> <span class='ocrx_word' id='word_1_218' title='bbox 1233 3828 1353 3892; x_wconf 89' lang='lat' dir='ltr'><strong>Ioanne</strong></span> <span class='ocrx_word' id='word_1_219' title='bbox 1380 3827 1496 3891; x_wconf 81' lang='lat' dir='ltr'><strong>Taetza</strong></span> 
     </span>
     <span class='ocr_line' id='line_1_31' title="bbox 323 3932 1495 4019; baseline 0 -23"><span class='ocrx_word' id='word_1_220' title='bbox 323 3934 512 4018; x_wconf 89' lang='lat' dir='ltr'><strong>conscripta,</strong></span> <span class='ocrx_word' id='word_1_221' title='bbox 536 3933 657 4017; x_wconf 91' lang='lat' dir='ltr'><strong>optime</strong></span> <span class='ocrx_word' id='word_1_222' title='bbox 680 3938 866 3999; x_wconf 89' lang='lat' dir='ltr'><strong>conservata</strong></span> <span class='ocrx_word' id='word_1_223' title='bbox 889 3934 924 3997; x_wconf 94' lang='lat' dir='ltr'><strong>in</strong></span> <span class='ocrx_word' id='word_1_224' title='bbox 942 3934 1048 3998; x_wconf 88' lang='lat' dir='ltr'><strong>codice</strong></span> <span class='ocrx_word' id='word_1_225' title='bbox 1068 3933 1336 4019; x_wconf 79' lang='lat' dir='ltr'><strong>Cantabrigiensi.</strong></span> <span class='ocrx_word' id='word_1_226' title='bbox 1371 3932 1495 4009; x_wconf 82' lang='lat' dir='ltr'><strong>Quibus</strong></span> 
     </span>
     <span class='ocr_line' id='line_1_32' title="bbox 324 4039 1495 4126; baseline -0.001 -23"><span class='ocrx_word' id='word_1_227' title='bbox 324 4039 477 4103; x_wconf 89' lang='lat' dir='ltr'><strong>accedunt</strong></span> <span class='ocrx_word' id='word_1_228' title='bbox 501 4061 551 4125; x_wconf 90' lang='lat' dir='ltr'><strong>ea,</strong></span> <span class='ocrx_word' id='word_1_229' title='bbox 574 4062 655 4123; x_wconf 89' lang='lat' dir='ltr'><strong>quae</strong></span> <span class='ocrx_word' id='word_1_230' title='bbox 678 4040 809 4123; x_wconf 90' lang='lat' dir='ltr'><strong>reliquit</strong></span> <span class='ocrx_word' id='word_1_231' title='bbox 832 4040 917 4104; x_wconf 89' lang='lat' dir='ltr'><strong>Man.</strong></span> <span class='ocrx_word' id='word_1_232' title='bbox 940 4039 1184 4126; x_wconf 88' lang='lat' dir='ltr'><strong>Moschopulus,</strong></span> <span class='ocrx_word' id='word_1_233' title='bbox 1211 4041 1332 4124; x_wconf 91' lang='lat' dir='ltr'><strong>optime</strong></span> <span class='ocrx_word' id='word_1_234' title='bbox 1355 4040 1390 4102; x_wconf 94' lang='lat' dir='ltr'><strong>in</strong></span> <span class='ocrx_word' id='word_1_235' title='bbox 1410 4039 1495 4102; x_wconf 91' lang='lat' dir='ltr'><strong>libro</strong></span> 
     </span>
    </p>
   </div>
   <div class='ocr_carea' id='block_1_8' title="bbox 324 4144 1497 4233">
    <p class='ocr_par' dir='ltr' id='par_1_10' title="bbox 324 4144 1497 4233">
     <span class='ocr_line' id='line_1_33' title="bbox 324 4144 1497 4233; baseline 0.001 -25"><span class='ocrx_word' id='word_1_236' title='bbox 324 4144 520 4209; x_wconf 85' lang='lat' dir='ltr'><strong>Tricliniano</strong></span> <span class='ocrx_word' id='word_1_237' title='bbox 562 4150 695 4211; x_wconf 88' lang='lat' dir='ltr'><strong>servata.</strong></span> <span class='ocrx_word' id='word_1_238' title='bbox 704 4144 730 4233; x_wconf 88' lang='lat'><strong>¹)</strong></span> <span class='ocrx_word' id='word_1_239' title='bbox 781 4144 913 4211; x_wconf 88' lang='lat' dir='ltr'><strong>Nullius</strong></span> <span class='ocrx_word' id='word_1_240' title='bbox 954 4149 1030 4210; x_wconf 86' lang='lat' dir='ltr'><strong>sunt</strong></span> <span class='ocrx_word' id='word_1_241' title='bbox 1069 4147 1168 4230; x_wconf 91' lang='lat' dir='ltr'><strong>pretii</strong></span> <span class='ocrx_word' id='word_1_242' title='bbox 1204 4146 1328 4211; x_wconf 88' lang='lat' dir='ltr'><strong>scholia</strong></span> <span class='ocrx_word' id='word_1_243' title='bbox 1364 4145 1497 4209; x_wconf 84' lang='lat' dir='ltr'><strong>Maximi</strong></span> 
     </span>
    </p>
   </div>
   <div class='ocr_carea' id='block_1_9' title="bbox 326 4336 1497 4500">
    <p class='ocr_par' dir='ltr' id='par_1_11' title="bbox 326 4336 1497 4500">
     <span class='ocr_line' id='line_1_34' title="bbox 414 4336 1496 4408; baseline 0 -18"><span class='ocrx_word' id='word_1_244' title='bbox 414 4340 440 4408; x_wconf 81' lang='lat'><strong>1)</strong></span> <span class='ocrx_word' id='word_1_245' title='bbox 459 4336 527 4402; x_wconf 81' lang='lat' dir='ltr'><strong>Quis</strong></span> <span class='ocrx_word' id='word_1_246' title='bbox 556 4337 593 4391; x_wconf 92' lang='lat' dir='ltr'><strong>sit</strong></span> <span class='ocrx_word' id='word_1_247' title='bbox 619 4337 665 4392; x_wconf 92' lang='lat' dir='ltr'><strong>hic</strong></span> <span class='ocrx_word' id='word_1_248' title='bbox 695 4338 906 4408; x_wconf 89' lang='lat' dir='ltr'><strong>Moschopulus,</strong></span> <span class='ocrx_word' id='word_1_249' title='bbox 935 4338 1074 4394; x_wconf 84' lang='lat' dir='ltr'><strong>Cretensis</strong></span> <span class='ocrx_word' id='word_1_250' title='bbox 1097 4339 1147 4392; x_wconf 92' lang='lat' dir='ltr'><strong>ille</strong></span> <span class='ocrx_word' id='word_1_251' title='bbox 1171 4339 1261 4394; x_wconf 87' lang='lat' dir='ltr'><strong>maior</strong></span> <span class='ocrx_word' id='word_1_252' title='bbox 1283 4340 1354 4393; x_wconf 88' lang='lat' dir='ltr'><strong>natu</strong></span> <span class='ocrx_word' id='word_1_253' title='bbox 1377 4355 1414 4392; x_wconf 90' lang='lat' dir='ltr'><strong>an</strong></span> <span class='ocrx_word' id='word_1_254' title='bbox 1437 4336 1496 4392; x_wconf 88' lang='lat' dir='ltr'><strong>eius</strong></span> 
     </span>
     <span class='ocr_line' id='line_1_35' title="bbox 326 4425 1497 4500; baseline -0.002 -18"><span class='ocrx_word' id='word_1_255' title='bbox 326 4426 472 4500; x_wconf 82' lang='lat' dir='ltr'><strong>patruelis,</strong></span> <span class='ocrx_word' id='word_1_256' title='bbox 491 4427 521 4480; x_wconf 93' lang='lat' dir='ltr'><strong>id</strong></span> <span class='ocrx_word' id='word_1_257' title='bbox 539 4443 590 4496; x_wconf 89' lang='lat' dir='ltr'><strong>pro</strong></span> <span class='ocrx_word' id='word_1_258' title='bbox 609 4429 684 4482; x_wconf 89' lang='lat' dir='ltr'><strong>certo</strong></span> <span class='ocrx_word' id='word_1_259' title='bbox 703 4444 760 4482; x_wconf 93' lang='lat' dir='ltr'><strong>non</strong></span> <span class='ocrx_word' id='word_1_260' title='bbox 774 4426 842 4482; x_wconf 88' lang='lat' dir='ltr'><strong>licet</strong></span> <span class='ocrx_word' id='word_1_261' title='bbox 855 4428 1002 4483; x_wconf 85' lang='lat' dir='ltr'><strong>affirmare.</strong></span> <span class='ocrx_word' id='word_1_262' title='bbox 1030 4428 1120 4482; x_wconf 89' lang='lat' dir='ltr'><strong>Priori</strong></span> <span class='ocrx_word' id='word_1_263' title='bbox 1134 4427 1292 4484; x_wconf 82' lang='lat' dir='ltr'><strong>vindicavit</strong></span> <span class='ocrx_word' id='word_1_264' title='bbox 1305 4428 1376 4482; x_wconf 89' lang='lat' dir='ltr'><strong>haec</strong></span> <span class='ocrx_word' id='word_1_265' title='bbox 1390 4425 1497 4480; x_wconf 88' lang='lat' dir='ltr'><strong>scholia</strong></span> 
     </span>
    </p>
   </div>
   <div class='ocr_carea' id='block_1_10' title="bbox 0 0 1682 5168">
    <p class='ocr_par' dir='ltr' id='par_1_12' title="bbox 0 0 1682 5168">
     <span class='ocr_line' id='line_1_36' title="bbox 0 0 1682 5168; baseline 0 0"><span class='ocrx_word' id='word_1_266' title='bbox 0 0 1682 5168; x_wconf 95' lang='lat' dir='ltr'><strong> </strong></span> 
     </span>
    </p>
   </div>
  </div>
 </body>
</html>
