3342 5168
265 256 310 320 40
425 255 467 310 De
486 254 600 310 scholiis
620 271 654 309 ex
671 254 763 309 Procli
782 254 810 309 et
823 253 935 308 Veteris
956 257 1102 310 comment.
1123 253 1278 324 exscriptis.

264 419 436 484 lectionem
458 418 690 502 interpretatur
711 417 872 482 traditam.
909 416 1086 503 Utriusque
1105 418 1228 483 scholia
1246 417 1286 483 ad
1304 418 1439 482 verbum

265 526 332 591 fere
355 525 516 609 exscripta
535 525 649 589 Taetza
668 524 872 589 concinnavit
889 525 950 590 ita:
974 525 992 590 ὁ
1011 522 1049 590 δὲ
1067 527 1260 610 σοφώτατος
1275 527 1439 610 Πρόκλος,

266 634 325 698 τὸν
339 630 505 697 Πλάτωνα
529 629 643 717 φέρων
661 631 822 717 μάρτυρα,
846 630 949 717 φησὶν
967 628 1072 716 μηδὲν
1091 635 1210 717 ὄρνεον
1229 631 1440 715 λυπούμενον

267 736 362 825 ᾄδειν
381 789 409 803 ..
429 749 498 814 πῶς
529 734 567 802 dt
599 741 641 802 σὺ
673 738 691 803 ὁ
725 739 768 822 μὴ
802 737 979 822 δεξάμενος
1010 745 1152 824 θρηνεῖν
1184 739 1246 820 τὴν
1275 738 1439 823 χελιδόνα,

267 846 458 922 Πανδίονος
481 845 584 929 αὐτὴν
608 842 706 923 ἐδέξω
729 843 913 931 θυγατέρας
936 851 1003 911 κτλ.
1040 844 1086 910 At
1105 868 1187 929 quae
1206 845 1246 909 ad
1263 842 1439 908 Pandionis

266 949 367 1015 filiam
385 950 558 1036 pertinent,
576 950 785 1014 inveniuntur
803 950 838 1014 in
856 950 979 1015 scholio
998 951 1059 1015 sub
1078 952 1193 1025 ἄλλως.
1229 948 1313 1015 Sunt
1332 954 1440 1014 autem

267 1057 424 1120 eiusmodi
447 1056 592 1140 exempla
615 1056 790 1121 innumera.

356 1161 478 1237 Quodsi
502 1162 617 1226 Taetza
644 1163 825 1246 prorniscue
846 1163 988 1228 habebat
1011 1163 1180 1247 utriusque
1203 1163 1338 1250 scholia,
1363 1165 1441 1249 quid

265 1270 388 1333 factum
416 1290 485 1332 esse
512 1291 531 1332 a
553 1268 766 1353 Moschopulo
793 1269 845 1333 vel
872 1292 891 1333 a
917 1270 1059 1334 librariis
1081 1270 1269 1334 recentioris
1292 1269 1439 1357 aetatis¹)

267 1376 490 1460 exspectabis?
523 1375 585 1440 sed
607 1397 647 1438 ne
667 1376 791 1440 auctori
810 1375 938 1459 quidem
951 1375 1182 1462 Etymologici,
1204 1377 1318 1441 maiori
1337 1381 1440 1442 aetate

268 1506 365 1569 quam
379 1482 504 1567 Tzetza,
522 1483 641 1568 integri
659 1486 788 1566 praesto
806 1485 897 1545 erant
913 1481 1144 1567 commentarii,
1161 1504 1220 1546 nec
1232 1481 1440 1547 Ps-Zonarae

266 1612 370 1675 neque
403 1589 586 1654 Eustathio.
637 1587 729 1663 Quod
766 1589 906 1672 primunr
938 1588 990 1652 vel
1022 1587 1095 1651 inde
1129 1589 1319 1676 perspicies,
1355 1589 1441 1674 quod

268 1696 365 1760 modo
393 1695 500 1761 Procli
534 1696 669 1781 scholia,
700 1695 795 1760 modo
828 1696 946 1760 veteris
978 1696 1180 1781 grammatici
1207 1696 1370 1779 exscripta
1395 1696 1441 1760 in-

268 1803 377 1868 venies
401 1803 441 1867 ab
465 1800 578 1889 illis²)3
601 1806 672 1866 tum
695 1802 781 1887 quod
803 1824 888 1866 nunc
910 1802 1023 1888 multa,
1044 1823 1130 1866 nunc
1152 1824 1254 1886 pauca
1274 1824 1312 1866 ex
1332 1802 1442 1866 eodem

266 1901 391 1994 'singuli
413 1910 504 1974 fonte
526 1909 721 1995 producunt,
747 1909 794 1973 ita
819 1913 856 1973 ut
880 1913 1003 1973 certum
1026 1908 1069 1973 sit
1092 1909 1197 1974 varias
1220 1912 1442 1992 excerptorum

268 2016 411 2102 syllogus
441 2018 487 2081 eis
515 2016 555 2080 ad
581 2038 695 2080 manus
723 2015 837 2080 fuisse:
865 2016 1016 2102 denique,
1042 2015 1075 2079 id
1103 2015 1188 2099 quod
1215 2015 1441 2102 gravissimum
1463 2018 1470 2035 '

269 2125 332 2209 est,
360 2122 447 2206 quod
475 2122 597 2187 scholia
620 2122 727 2187 Procli
755 2126 787 2185 et
814 2123 932 2186 veteris
959 2122 1160 2209 grammatici
1185 2121 1347 2186 interdum
1370 2143 1442 2185 con·
1483 2158 1485 2162 ,

268 2231 381 2294 iuncta
412 2232 488 2293 sunt
520 2229 556 2292 in
582 2250 690 2293 unum.
735 2228 845 2293 Unum
873 2229 975 2294 duove
1002 2229 1148 2314 exempla
1175 2251 1334 2313 apponere
1362 2228 1467 2293 satis

269 2336 406 2401 habebo.
451 2334 558 2400 Adeas
585 2335 849 2421 Etymologicum
876 2335 1038 2421 Magnum.
1083 2335 1136 2400 Ad
1160 2359 1188 2401 v.
1210 2334 1274 2401 750
1298 2332 1342 2422 (p.
1361 2334 1440 2421 408)

270 2442 332 2508 duo
364 2446 441 2506 sunt
474 2442 596 2507 scholia
622 2442 780 2529 insignita
806 2464 863 2525 per
891 2443 1007 2518 ἄλλοις.
1056 2443 1179 2507 Eadem
1207 2442 1337 2506 exhibet
1363 2441 1442 2524 Ety-

270 2549 422 2636 mologici
450 2549 561 2634 Magni
589 2549 688 2614 codex
711 2548 891 2613 Vossianus
914 2546 959 2635 (p.
978 2550 1036 2636 48,
1054 2548 1097 2614 35
1119 2546 1215 2636 not.):
1243 2548 1440 2631 ἀκίνητον·

271 2661 424 2741 σημαίνει
449 2655 624 2721 ἐνταῦθα
646 2657 705 2721 τὸν
725 2655 842 2741 τάφον.
875 2653 1031 2733 Ἡσίοδος
1051 2655 1087 2721 έν
1105 2658 1216 2742 ἔργοις
1234 2654 1289 2720 καὶ
1307 2652 1443 2740 ἡμέραις

270 2761 457 2850 (laudantur
485 2785 513 2827 v.
535 2761 733 2850 750-752).
771 2766 946 2847 οχόλιον·
970 2765 1073 2847 νόμος
1087 2746 1137 2845 ’ἦν
1163 2765 1251 2849 παρὰ
1274 2760 1443 2846 Ῥωμαίοις

271 2871 330 2935 τὸν
359 2869 468 2954 τολφον
496 2869 540 2953 μὴ
568 2881 690 2952 κινεῖν,
712 2866 861 2933 τουτέστι
890 2868 1048 2954 ὀρύττειν.
1093 2871 1171 2934 τότε
1198 2863 1261 2934 οὖν
1288 2885 1371 2953 φησι
1398 2868 1442 2953 μὴ

269 3032 480 3040 ——-———-—-—‹

361 3135 387 3201 1)
405 3130 518 3185 Erravit
535 3131 674 3185 Usenerus
694 3130 803 3200 (Rhein.
822 3131 893 3185 Mus.
908 3131 986 3185 XXII
1004 3150 1031 3202 p.
1047 3135 1123 3202 592),
1147 3132 1301 3186 arbitratus
1326 3149 1390 3186 cum
1413 3132 1443 3185 in

272 3219 385 3275 scholiis
408 3218 624 3273 Monacensibus
648 3236 849 3288 nonnunquam
871 3220 1010 3275 nominati
1034 3223 1128 3275 essent
1151 3223 1279 3276 auctores
1303 3221 1350 3291 (ad
1368 3240 1394 3276 v.
1409 3226 1442 3275 26

271 3308 448 3376 Plutarchus,
463 3307 500 3361 ad
513 3326 539 3362 v.
551 3313 602 3361 370
612 3307 735 3378 Proclus,
750 3311 823 3378 eta),
838 3310 967 3364 recedere
981 3310 1052 3364 haec
1067 3311 1104 3364 ad
1116 3309 1254 3380 pristinae
1268 3309 1443 3364 collectionis

271 3399 437 3468 perpetuam
460 3396 604 3465 quandam
622 3397 861 3454 consuetudinem.
899 3399 955 3453 Sed
974 3398 1113 3469 conferas,
1133 3415 1205 3467 quae
1223 3399 1329 3453 habeat
1346 3384 1444 3453 Mona-

273 3485 364 3541 censis
388 3485 419 3538 in
443 3484 550 3539 scholio
569 3486 650 3539 adv.
670 3491 703 3539 41
727 3504 753 3555 p.
774 3491 854 3542 31511,
884 3487 918 3541 έν
946 3485 1077 3558 μαλάχη
1105 3507 1139 3542 τε
1167 3488 1225 3542 καὶ
1252 3486 1442 3558 depotitio·

273 3573 478 3637 εὐτελεστάτοις
496 3576 624 3647 βρωτοῖς·
644 3569 675 3628 ἐκ
694 3574 800 3630 τούτων
813 3575 892 3645 χιλὸν
906 3576 1054 3641 έσαεύαζον
1069 3577 1108 3640 εἰς
1121 3579 1237 3650 βρῶσιν
1256 3574 1324 3645 ὅπερ
1344 3576 1444 3645 ἄλιμον

271 3668 421 3726 καλοῦντες
433 3660 641 3733 προσεφέροντο
656 3665 693 3726 ὡς
705 3662 950 3734 ααλἘτιιμενίδης.
971 3664 1048 3730 Quae
1062 3666 1092 3718 et
1105 3667 1237 3735 excerpta
1251 3667 1357 3719 suntet
1370 3663 1443 3718 male

272 3753 394 3807 conflata
412 3769 446 3806 ex
460 3752 569 3807 duobus
584 3751 698 3806 scholiis
716 3756 752 3822 (p.
768 3758 803 3806 64
817 3752 860 3807 ed.
875 3752 972 3824 (taisi.)
987 3753 1081 3807 Procli
1095 3755 1124 3821 et
1137 3753 1241 3809 veteris
1255 3753 1441 3823 grammatici.

271 3841 405 3896 Potuitne
423 3842 477 3896 hoc
494 3840 563 3911 fieri,
583 3840 607 3894 si
626 3840 730 3910 ubique
749 3841 865 3895 nomina
883 3845 964 3896 erant
983 3842 1144 3913 adscripta?

360 3934 387 4000 2)
405 3930 455 3985 Ex.
479 3949 519 4000 gr.
543 3930 636 3985 Procli
660 3932 695 3985 ad
718 3949 744 3984 v.
765 3936 817 3986 605
840 3931 871 3984 in
893 3931 984 4001 Etym.
1009 3932 1114 4002 Magno
1137 3951 1164 4003 p.
1185 3937 1250 3999 429,
1266 3937 1312 3999 37,
1340 3929 1443 3985 veteris

271 4019 433 4089 interpretis
457 4020 493 4073 ad
515 4038 541 4075 v.
563 4025 613 4074 740
636 4019 666 4072 in
688 4020 779 4089 Etyrn.
803 4020 908 4089 Magno
926 4039 953 4090 p.
975 4026 1039 4088 127,
1054 4027 1100 4090 39;
1126 4019 1219 4075 Procli
1244 4020 1279 4074 ad
1298 4038 1324 4076 v,
1343 4024 1395 4074 508
1413 4018 1444 4072 in

271 4107 363 4176 Etym.
387 4105 550 4161 Florentino
568 4127 595 4177 p.
612 4113 677 4176 221,
700 4108 880 4177 grammatici
902 4109 1005 4163 veteris
1030 4110 1066 4162 ad
1085 4128 1110 4164 v.
1132 4115 1183 4163 744
1206 4109 1305 4163 eodem
1322 4108 1353 4161 in
1371 4107 1443 4162 libro

271 4213 298 4264 p.
314 4200 379 4262 2243
398 4193 490 4247 Procli
510 4194 546 4248 ad
559 4213 585 4249 v.
600 4201 651 4250 411
667 4195 697 4248 in
710 4195 895 4250 Ps.-Zonarae
909 4196 998 4251 lexico
1013 4215 1040 4267 p.
1057 4202 1135 4265 1155,
1148 4196 1251 4251 veteris
1266 4196 1444 4266 grammatici

272 4283 309 4337 ad
332 4303 358 4339 v.
379 4289 443 4352 106,
466 4282 574 4337 ibidem
591 4302 618 4354 p.
639 4290 699 4339 670.
745 4284 837 4339 Multa
857 4284 887 4338 id
906 4302 994 4355 genus
1020 4285 1091 4354 alia,
1115 4286 1150 4339 de
1175 4285 1277 4353 quibus
1302 4284 1377 4340 infra
1402 4284 1444 4337 di·

273 4373 391 4426 cendum
410 4374 460 4426 est.
