3342 5168
657 364 770 421 Scholia
788 365 887 420 Pmcli.
1316 362 1358 430 65

185 530 332 595 Platonis
355 551 473 595 nomen
492 526 631 616 (inipso
650 530 879 594 commentario
898 529 965 593 1111
984 532 1032 593 111
1052 529 1156 593 simile
1174 552 1247 593 eum
1266 529 1359 613 plura

186 660 225 702 ex
244 635 372 702 Oharm.
391 660 422 720 p.
439 637 528 701 1631)
548 635 760 724 apposuisse).
797 635 843 701 111
858 659 938 721 quae
954 640 1133 721 sequuntur
1147 636 1221 700 inde
1236 659 1254 700 a
1268 659 1295 700 v.
1308 635 1360 721 10,

186 766 253 809 non
275 743 427 808 differunt
447 743 486 807 ab
505 743 561 828 eis,
580 764 661 827 quae
681 743 793 807 statim
812 743 872 806 sub
887 744 993 818 ἄλλως
1008 741 1168 805 adduntur
1183 745 1215 805 11
1230 741 1359 825 quidem

186 851 341 936 pleniora.
365 850 455 936 Ergo
470 850 587 914 veteris
600 850 787 935 interpretis
803 853 887 915 sunt.
917 847 1039 914 Contra
1048 848 1162 913 Proolo
1173 852 1249 912 sunt
1259 847 1361 912 vindi-

187 957 286 1022 canda
305 956 343 1021 ad
362 980 390 1021 1.
407 957 481 1041 311,
500 979 718 1042 quaecumque
735 979 821 1021 nunc
839 957 924 1041 apud
941 956 1149 1021 Eustathium
1173 956 1213 1019 ad
1226 954 1360 1019 Iliadem

187 1063 203 1127 I
217 1065 292 1149 203,
302 1065 387 1130 3-8
400 1063 512 1129 Stallb.
532 1064 749 1148 inveniuntur,
764 1085 908 1149 quaeque
921 1063 1093 1128 manifesto
1107 1062 1248 1148 produnt
1262 1062 1359 1149 origi-

186 1193 260 1235 nem
288 1193 388 1235 suam.
444 1168 527 1235 Sunt
555 1193 572 1234 1
598 1170 764 1235 Plutarchi
791 1171 1019 1235 commentario
1047 1192 1104 1255 per
1131 1169 1280 1235 Proclum
1310 1192 1361 1234 ex-

188 1283 304 1362 cerpta.
356 1277 461 1343 Simili
491 1277 586 1342 modo
611 1300 677 1342 non
698 1279 809 1362 paucis
833 1282 970 1363 augetur
994 1277 1076 1342 exile
1099 1277 1180 1341 illud
1203 1276 1361 1341 scholium

189 1384 229 1447 ad
251 1407 279 1448 1.
304 1384 383 1469 313,
405 1408 436 1469 p.
456 1385 531 1472 201,
553 1385 721 1469 32-208,
746 1388 779 1451 8:
811 1385 910 1450 verba
942 1385 1040 1468 enim,
1069 1405 1150 1469 quac
1173 1387 1362 1468 sequuntur,

188 1491 350 1558 immerito
370 1491 463 1576 signo
483 1491 600 1555 veteris
623 1492 809 1575 interpretis
829 1492 1059 1577 disiunguntur
1078 1491 1118 1556 ab
1137 1491 1213 1577 illis,
1231 1490 1361 1575 quibus-

189 1619 261 1661 cum
297 1597 429 1661 eandem
467 1597 644 1662 doctrinam
678 1599 822 1684 sapiunt,
855 1602 887 1662 11
919 1603 995 1663 sunt
1026 1600 1158 1683 insuper
1190 1598 1362 1662 manifesta

189 1704 327 1789 vestigia
358 1704 545 1788 disciplinae
576 1704 769 1770 Platonicae.
824 1703 918 1770 Nova
950 1705 1106 1791 quaedam
1138 1705 1291 1769 accedunt
1323 1726 1362 1767 ex

188 1810 297 1894 Etym.
325 1809 436 1896 Magni
464 1811 571 1876 codice
598 1810 759 1877 Vossiano
781 1834 812 1896 p.
831 1812 891 1899 20,
909 1811 952 1876 53
979 1816 1046 1876 not.
1101 1811 1250 1875 Taetzam
1277 1832 1362 1896 1111,

189 1922 227 1981 ut
260 1918 316 2002 qui
347 1919 506 1983 virtutum
532 1918 589 1983 illa
616 1919 706 1983 11111
733 1939 850 2004 genera
883 1923 914 1983 11
943 1941 1024 2003 quae
1053 1923 1128 1983 sunt
1155 1918 1206 1982 his
1237 1917 1363 2001 similia,

188 2025 278 2089 nullo
304 2025 414 2089 ordine
438 2029 471 2091 11
493 2026 618 2090 ratione
636 2025 805 2112 proferret,
827 2025 919 2090 facile
942 2025 1005 2089 tibi
1022 2025 1231 2109 persuadebis
1256 2024 1363 2088 omnia

189 2132 268 2197 hacc
290 2154 357 2198 non
380 2132 418 2196 de
442 2154 500 2197 suo
524 2132 656 2221 dedisse,
679 2133 734 2197 sed
757 2154 774 2196 e
796 2133 886 2197 fonte
910 2134 1048 2217 quodam
1072 2133 1151 2197 satis
1175 2132 1307 2197 turbato
1331 2135 1363 2195 11

190 2240 270 2323 ipse.
285 2239 427 2304 -Idem
441 2239 565 2325 Tzetaa,
585 2239 671 2325 quod
690 2240 729 2305 ad
747 2263 775 2304 1.
796 2240 869 2326 314,
889 2263 918 2324 p.
934 2239 1008 2323 209,
1027 2239 1137 2305 3-15
1159 2243 1265 2303 exstat
1285 2238 1363 2302 Pro-

191 2346 344 2431 clianum,
373 2346 568 2412 adverbum
591 2349 657 2411 fere
680 2347 858 2431 exscripsit.
909 2347 958 2410 Ad
980 2370 1008 2411 1.
1033 2345 1098 2410 315
1113 2369 1181 2431 sqq.
1209 2345 1364 2411 nonnulla

190 2453 346 2517 habemus
365 2476 395 2537 p.
414 2452 489 2539 210,
504 2454 623 2539 8-26,
636 2454 679 2517 33
693 2492 738 2499 -
751 2476 781 2537 p.
792 2453 867 2539 211,
878 2453 899 2517 1)
912 2458 944 2517 11
957 2455 1052 2539 6-1,
1072 2454 1147 2537 213,
1158 2454 1276 2539 9-19,
1290 2452 1364 2536 214,

192 2559 462 2646 1—15,16—20,
481 2558 705 2646 215,14-26,
725 2560 799 2644 216,
812 2560 974 2646 12-211,
983 2561 1012 2624 2.
1057 2559 1226 2623 Postremo
1242 2557 1363 2622 scholio

192 2666 336 2731 addenda
355 2669 441 2751 sunt,
458 2665 492 2729 ni
510 2666 616 2750 fallor,
634 2666 731 2730 ctiam
750 2688 831 2751 quae
847 2671 922 2731 sunt
936 2667 971 2730 in
985 2665 1302 2751 Etym.Magn0p.5,
1314 2666 1364 2749 16,

191 2773 260 2837 sine
288 2772 400 2859 dubio,
427 2794 508 2857 quae
535 2772 618 2857 legis
646 2771 816 2837 Taetziana
842 2796 873 2857 p.
898 2774 976 2860 218,
1000 2775 1051 2839 28.
1079 2812 1120 2819 -
1151 2772 1218 2838 Iam
1241 2796 1270 2857 p.
1290 2772 1365 2856 218,

194 2880 356 2964 16-219,
379 2879 419 2943 21
459 2882 586 2962 praeter
623 2880 756 2944 solitum
787 2901 908 2944 morem
940 2880 1049 2965 largus
1081 2881 1144 2944 fuit
1176 2879 1282 2943 Procli
1314 2902 1365 2943 ex-

191 2990 332 3070 cerptor:
355 2985 408 3050 hic
426 2985 535 3070 aliquo
554 2987 650 3050 modo
669 3007 799 3051 noscere
817 2986 892 3052 licet
910 2986 1050 3051 hominis
1069 2987 1217 3051 indolem.
1250 2986 1365 3050 Taetza

192 3115 320 3178 quoque
357 3093 386 3157 ei
420 3094 581 3176 permulta
617 3092 721 3157 debet.
779 3094 831 3158 Ex
868 3093 936 3158 eius
969 3094 1055 3157 enim
1083 3093 1188 3158 verbis
1218 3090 1261 3180 (p.
1279 3091 1365 3180 221)

191 3199 426 3264 restituendum
440 3204 489 3264 est
503 3199 629 3286 Proclo,
647 3224 729 3286 quae
742 3199 933 3265 Plutarchus
948 3199 1072 3286 Proolo,
1085 3200 1218 3265 Proclus
1233 3201 1365 3265 Taetzae

192 3306 410 3391 suppeditavit
433 3306 472 3371 dc
495 3307 674 3372 Melanthio
698 3312 794 3392 poeta
816 3309 948 3393 tragico.
973 3347 1014 3354 —
1040 3307 1125 3373 Satis
1150 3308 1293 3392 amplum
1316 3312 1365 3371 est

192 3418 225 3477 11
247 3414 368 3500 ipsum,
392 3414 478 3498 quod
501 3419 708 3479 conservatur
731 3416 771 3479 ad
793 3437 821 3479 v.
841 3415 905 3480 342
926 3415 1084 3480 scholium
1103 3439 1132 3500 p.
1153 3416 1218 3479 222
1224 3469 1233 3503 ,
1249 3417 1365 3480 1-29.

191 3520 243 3584 1111
267 3542 304 3584 eo
327 3541 413 3605 vero,
437 3521 523 3604 quod
546 3522 692 3606 sequitur
710 3545 740 3606 p.
760 3522 834 3607 223,
855 3522 1366 3607 14-224,10,1111ς11111111111

192 3628 228 3690 in
245 3627 363 3690 veteris
382 3628 583 3711 grammatici
601 3628 754 3713 reliquias
772 3651 838 3693 non
857 3651 958 3713 pauca
972 3627 1017 3716 (p.
1032 3629 1107 3714 223,
1121 3629 1284 3713 22-224,
1300 3628 1367 3716 10),

194 3732 270 3815 quia
287 3731 384 3797 huius
408 3735 517 3818 potius
540 3734 720 3819 explicandi
742 3758 865 3800 morem
888 3736 1056 3820 proprium
1079 3734 1242 3820 exhibent,
1264 3735 1366 3799 veluti

193 3861 267 3902 cum
295 3844 520 3923 comparentur
547 3840 718 3907 Homerica
747 3843 902 3927 quaedam
925 3863 997 3905 cum
1020 3840 1199 3905 Hesiodeis.
1253 3839 1367 3904 Priora

193 3949 302 4010 tamen
329 3950 361 4010 11
387 3946 484 4033 longe
511 3947 664 4012 differunt
692 3953 723 4013 et
747 3947 886 4034 genuina
909 3951 985 4011 sunt
1008 3946 1189 4033 Procliana,
1213 3969 1293 4031 quae
1317 3969 1366 4010 ex-

194 4054 390 4138 scripserunt
409 4054 506 4119 etiam
521 4054 637 4119 Tuetza
655 4059 687 4119 et
701 4054 931 4138 Moschopulus
946 4051 990 4141 (p.
1002 4052 1089 4141 224).
1135 4053 1208 4118 Duo
1225 4075 1305 4138 quae
1321 4075 1367 4118 se-

194 4165 338 4246 quuntur
353 4161 474 4227 scholia
492 4160 537 4249 (p.
548 4163 622 4248 224,
638 4161 802 4247 26-221),
818 4162 856 4225 11
870 4159 1367 4248 etp.226,13-18),quondam

194 4268 364 4333 coniuncta
377 4266 476 4334 fuisse
491 4272 680 4354 argumento
696 4272 744 4332 est
760 4267 1367 4355 11111Τ111111Ρ.225,20,1111111111-

195 4375 306 4439 stoclis
321 4380 353 4440 11
364 4374 497 4441 Catonis
513 4375 693 4459 exemplum
708 4375 951 4440 contaminavit:
964 4397 1040 4440 nam
1055 4375 1141 4460 quod
1149 4378 1321 4459 utrumque
1331 4377 1367 4437 ut

192 4480 422 4547 Plutarcheum
444 4483 586 4567 tradidit,
608 4503 675 4547 non
692 4482 801 4567 potuit
819 4482 853 4547 id
870 4483 983 4569 faeere,
1006 4483 1033 4546 si
1051 4483 1190 4547 fuissent
1208 4481 1368 4545 disiuncta

246 4594 690 4650 11111111111,.111.1111111.
1137 4590 1153 4639 5
