3342 5168
382 301 423 354 De
443 301 579 371 ampliore
597 301 666 355 olim
684 301 796 358 Veteris
814 302 978 375 interpretis
998 305 1206 361 commentario.
1338 308 1381 371 37

209 469 337 546 γλυκεϊ,
365 463 411 540 ὡς
432 460 488 528 καὶ
512 463 548 528 ἐν
569 462 683 529 Ἰλιάδι
708 467 855 531 ἔκκειται.
902 466 1000 532 etiam
1022 466 1057 532 in
1080 470 1317 534 commentariis
1341 471 1381 534 ad

207 567 354 656 Iliadem,
386 592 450 655 quo
483 571 550 655 ipse
581 593 641 636 nos
673 572 796 659 relegat
829 572 883 661 (ad
914 571 950 640 H.
966 597 1008 658 p.
1039 575 1116 660 182,
1143 575 1195 639 21.
1230 575 1307 662 183,
1337 574 1381 662 1),

209 676 371 761 copiosius
394 677 533 761 explicat
558 699 667 742 vocem
687 675 934 764 Ἀργειφόντηςε
966 682 1026 746 τὸν
1055 678 1084 745 δ’
1113 680 1215 747 αὐτὸν
1237 680 1292 746 καὶ
1313 680 1380 769 Ἀρ-

209 785 390 868 γειφόντην
415 781 606 868 ἐπονομάζει
630 784 675 862 ὡς
698 785 802 870 ἀργὸν
821 790 942 870 φόνον·
967 789 1135 871 εἰρηνικὸν
1153 789 1216 873 γὰρ
1236 788 1254 853 6
1274 790 1380 870 λόγος.

208 890 226 956 6
255 886 292 954 dt
315 896 425 974 μῦθος
448 888 686 975 Ἀργειφόντην
708 893 768 956 τὸν
791 891 897 976 φονέα
919 903 979 959 τοῦ
993 891 1119 986 ’Ἀργου
1145 900 1240 959 καλεῖ
1262 894 1379 982 (ipsam

207 995 350 1061 fabulam
376 1018 463 1060 nunc
490 994 612 1084 mitto).
657 997 841 1064 κάντεῦθεν
866 996 1101 1085 Ἀργειφόντης
1128 999 1272 1084 λέγεται,
1303 993 1397 1067 οἷον»

202 1100 427 1188 Ἀργοφόντης
454 1102 509 1169 καὶ
536 1114 641 1190 τροπῇ
669 1116 730 1170 τοῦ
757 1115 776 1170 ὁ
805 1108 852 1182 εἰς
875 1116 892 1171 ε
919 1104 974 1171 καί
1001 1112 1195 1192 πλεονασμῷ
1219 1109 1378 1194 διχρόνου

202 1205 451 1294 Ἀργειφόντης,
482 1211 590 1297 ὥσπερ
618 1209 674 1275 καί
701 1211 931 1297 ἀνδροφόντης
958 1212 1186 1298 ἀνδρεφόντης
1213 1212 1268 1278 καὶ
1295 1216 1377 1279 κατὰ

204 1318 414 1400 πλεονασμὸν
446 1315 695 1402 ἀνδρειφόντης.
741 1320 848 1383 καίτοι
880 1321 917 1384 τὸ
948 1318 1189 1405 ἀνδρειφόντης
1217 1315 1306 1397 τινές
1333 1321 1377 1397 ὡς

205 1421 269 1486 ἀπὸ
296 1430 354 1506 τῆς
381 1420 480 1508 ἀνδρὶ
508 1424 640 1507 δοτικῆς
668 1425 723 1488 διὰ
750 1434 810 1489 τοῦ
835 1424 1054 1508 ῐγροίψαντες
1077 1426 1292 1510 διφορεῑσδαι
1316 1419 1376 1508 τὴν

204 1526 294 1607 λέξιν
312 1529 542 1612 πεποιήκασιν·
566 1532 604 1595 τὸ
623 1529 736 1614 μέντοι
753 1525 986 1614 Ἀργειφόντης
1004 1529 1055 1595 ἀεὶ
1078 1531 1139 1612 την
1158 1532 1213 1595 διὰ
1233 1533 1376 1615 διφδόγ-

205 1658 267 1717 γον
292 1637 357 1719 ἔχει
381 1633 542 1720 γραφήν.1
567 1636 678 1701 ἰστέον
700 1633 752 1719 δὲ,
775 1637 826 1701 ότι
849 1640 886 1703 τὸ
908 1632 1126 1722 Ἀργεφόντης
1148 1639 1237 1702 καδὰ
1259 1635 1314 1702 καί
1337 1639 1375 1703 τὸ

204 1742 446 1826 ἀνδρεφόντης,
476 1740 508 1820 ἐξ
536 1737 584 1807 ὧν
608 1740 844 1827 Ἀργειφόντης
870 1741 925 1808 καί
953 1742 1208 1827 ἀνδρειφόντης,
1238 1744 1375 1828 Δωρικοί
1462 1746 1467 1751 ’

205 1849 306 1931 εἰσιν,
338 1848 383 1924 ὡς
406 1845 613 1936 Ἡρῳδιανδς
636 1850 743 1932 δηλοῖ,
767 1847 803 1913 ε’ν
826 1841 877 1927 οἷς
904 1847 991 1932 λέγει
1018 1859 1167 1914 τοιαῦτα·
1201 1851 1238 1914 αἰ
1263 1851 1310 1927 εἰς
1337 1853 1375 1927 ος

203 1952 354 2031 ὀξύτονοι
378 1952 505 2036 γενικαί
529 1954 766 2039 συντιθέμεναι
789 1957 973 2040 συμφώνου
1005 1954 1248 2040 ἐπιφερομένου
1273 1954 1293 2038 ἢ
1317 1957 1374 2021 διὰ

201 2060 239 2125 τὸ
272 2069 292 2125 ὃ
323 2058 491 2144 λέγονται,
524 2053 596 2126 οἷον
627 2064 735 2144 Ζηνὸς
766 2065 950 2146 Ζηνόδεος,
987 2063 1109 2148 δριπὸς
1140 2066 1374 2148 δριπόβροτος,

202 2166 281 2243 ἁλὸς
308 2166 471 2250 διλοθηκη·
501 2166 521 2250 ἢ
546 2168 602 2231 διὰ
623 2177 684 2233 τοῦ
709 2180 722 2231 ῑ
743 2158 817 2233 οἰον
840 2171 1003 2251 Αἰγίπαν,
1025 2171 1240 2253 πυρίχαλκος,
1263 2193 1373 2233 νυκτι-

201 2271 310 2359 κόραξ.
357 2273 462 2350 οὕτως
489 2269 567 2357 οὖν,
594 2277 691 2358 φησί,
718 2272 773 2338 καί
802 2273 1018 2358 ἁλοτρίβανος
1046 2274 1090 2351 ὡς
1118 2273 1291 2357 ἁλοπώλης
1317 2272 1372 2339 καί

202 2378 359 2462 ἁλοδηκη.
411 2378 428 2444 6
461 2380 574 2464 μέντοι
607 2380 663 2444 διὰ
694 2389 754 2445 τοῦ
784 2387 802 2445 ἑ
834 2379 1048 2464 ἁλετρίβανος
1080 2382 1202 2463 μήποτε
1235 2382 1373 2466 Δώριόν

201 2485 284 2550 ἐστι·
308 2487 342 2550 οἰ
362 2486 425 2570 γὰρ
444 2487 506 2550 τὸν
521 2481 711 2552 Ἀπόλλωνα
727 2484 913 2552 Ἀπόλλωνα
937 2488 1084 2564 εἰπόντες
1101 2485 1156 2551 καί
1175 2488 1234 2552 τὸν
1253 2487 1372 2572 ἀνδρο-

201 2595 309 2676 φόνον
346 2591 558 2676 ἀνδρεφόνον
594 2587 687 2657 οὗτοι
722 2591 777 2657 καί
811 2595 871 2658 τὸν
903 2592 1123 2678 ἁλοτρίβανον
1155 2593 1372 2678 ἀλετρίβανον

201 2705 326 2764 εἰποιεν
349 2699 399 2762 όν.
433 2700 480 2763 ἔτι
503 2696 613 2763 ἰστέον
631 2697 685 2763 καί
705 2699 749 2776 ὡς
769 2697 868 2786 ἐντῷ
887 2704 1084 2765 Παυσανίου
1103 2699 1217 2787 λεξικῷ
1237 2699 1371 2785 φέρεται

201 2803 422 2890 ἀργειφόντης
449 2804 467 2870 6
491 2804 700 2889 όφιοκτόνος
733 2804 839 2891 ἀργην
862 2806 940 2891 γοίρ,
968 2808 1065 2890 φησί,
1093 2808 1175 2870 ἔνιοι
1203 2807 1262 2871 τὸν
1290 2809 1371 2890 όφιν

199 2916 368 2975 καλοῦσιν.
415 2910 456 2975 οὐ
488 2908 601 2995 μέντοι
634 2912 757 2997 ἰστορεῑ
787 2909 842 2976 καί
874 2922 944 2987 πῶς
970 2912 1167 2996 ὀφιοκτόνος
1199 2912 1217 2977 6
1243 2910 1370 2996 Ἑρμῆς.

147 3059 149 3063 ,
200 3014 264 3081 Gur
290 3016 370 3081 haec
396 3016 444 3081 ita
471 3017 601 3103 dixerit,
628 3039 700 3082 cum
729 3018 801 3082 aliis
828 3017 1000 3102 explicatio
1027 3018 1123 3082 huius
1151 3040 1279 3102 quoque
1307 3020 1371 3102 epi-

199 3123 283 3188 theti
314 3127 443 3207 praesto
475 3123 602 3209 fuisset,
634 3124 731 3208 paulo
761 3128 836 3208 post
863 3124 1143 3190 demonstrabitur.
1189 3123 1235 3190 Ut
1262 3129 1370 3189 autem

199 3252 319 3316 eorum,
338 3251 420 3314 quae
437 3230 601 3316 proposui,
620 3253 778 3294 summam
795 3231 920 3317 faciam,
938 3231 972 3296 id
990 3253 1087 3315 quam
1104 3233 1243 3296 maxime
1262 3236 1369 3297 tenen·

199 3336 275 3400 dum
312 3339 373 3422 est,
410 3336 535 3400 etiamsi
571 3336 731 3419 permulta
767 3337 948 3402 invenimus
980 3342 1012 3402 et
1045 3338 1173 3421 quidem
1203 3338 1369 3423 nonnulla,

198 3443 317 3527 quibus
344 3441 530 3506 emendatur
557 3446 589 3506 et
616 3445 752 3529 augetur
778 3442 975 3508 Hesiodeum
1002 3443 1095 3530 illud,
1122 3445 1206 3509 unde
1232 3445 1368 3528 profecti

198 3571 317 3633 sumus,
339 3547 507 3633 scholium,
529 3548 565 3612 in
586 3548 677 3613 nullo
700 3552 809 3613 tamen
831 3573 870 3615 ex
892 3550 955 3614 hoc
973 3553 1065 3615 tanto
1084 3551 1216 3615 testium
1233 3572 1367 3616 numero

197 3676 257 3719 nos
285 3654 476 3741 repperisse,
504 3654 587 3719 unde
615 3654 692 3738 quid
719 3656 781 3719 sibi
808 3656 887 3720 velit
914 3655 996 3719 illud
1021 3657 1056 3721 οἰ
1077 3652 1113 3720 δὲ
1136 3658 1291 3742 νεώτεροι
1315 3680 1367 3742 ap-

197 3763 316 3844 pareat.
362 3759 453 3835 Quod
481 3763 588 3825 autem
615 3766 781 3845 exspectas
809 3763 1002 3826 sententiam
1028 3761 1083 3824 hic
1110 3760 1239 3825 subesse
1261 3783 1367 3827 recen-

196 3867 318 3931 tiorum
336 3867 684 3954 grammaticorum,
708 3868 867 3952 oppositis
886 3868 1092 3950 opinionibus
1110 3870 1265 3952 veterum,
1286 3869 1365 3932 satis

196 3994 354 4057 superque
372 3973 582 4059 cognorimus
600 3974 814 4039 recentiorum
831 3973 921 4037 illam
940 3973 1132 4037 sententiam
1151 3973 1281 4038 omnino
1299 3996 1365 4039 non

195 4100 339 4166 pugnare
366 4100 439 4143 oum
466 4081 524 4166 eis,
553 4102 634 4164 quae
657 4080 855 4163 antiquiores
878 4080 1106 4166 grammaticos
1128 4101 1214 4145 nunc
1237 4085 1365 4146 constat

194 4184 255 4251 hac
269 4185 308 4250 de
321 4207 356 4249 re
370 4185 522 4250 docuisse.
547 4186 709 4272 Sequitur,
727 4190 763 4250 ut
776 4186 838 4251 hoc
852 4209 979 4271 quoque
992 4187 1074 4271 loco,
1087 4191 1125 4252 ut
1139 4188 1323 4271 saepissime
1329 4184 1364 4274 1),

193 4330 407 4340 ——u———a

260 4461 264 4469 .
284 4416 310 4484 1)
330 4413 360 4469 si
381 4414 541 4484 augendum
562 4431 619 4469 non
638 4413 692 4469 erit
710 4414 860 4485 scholium,
884 4416 933 4470 sed
954 4418 1066 4470 tantum
1083 4416 1160 4485 quod
1177 4432 1252 4470 nunc
1270 4417 1364 4470 exstat
