3366 5168
421 314 574 385 Aristonici
592 315 656 382 περὶ
675 311 796 384 σημείων
813 322 864 368 τοῦ
879 311 1010 369 Ἡσιόδου
1028 314 1195 386 fragmenta.
1331 317 1393 381 127

221 477 304 542 male
334 481 384 543 cst
412 478 657 562 interpretatus,
684 480 740 542 aut
768 477 836 560 ipse
859 499 987 562 quoque
1010 477 1160 562 deceptus
1183 482 1233 543 est
1255 476 1395 544 Aristar-

222 585 309 649 chus.
359 584 460 651 Nullo
489 585 575 649 enim
602 583 698 648 modo
729 584 866 650 concedo
894 606 954 649 nos
977 584 1135 669 particula
1157 586 1235 670 dou,
1262 589 1394 670 propter

221 714 318 775 quam
347 692 476 777 signum
513 691 623 774 posuit
655 687 878 776 Aristarchus,
910 691 1082 756 revocari
1120 690 1160 754 ad
1190 690 1394 777 Theogoniae

219 802 359 884 partem,
386 821 480 882 quam
509 797 583 862 inde
610 797 780 862 concludas
808 797 1018 862 vetustiorem
1046 820 1114 862 esse
1140 797 1201 863 hac
1223 800 1394 864 veterrima

220 903 360 989 Operum
397 903 502 989 parte.¹
561 903 647 969 Nam
682 925 786 988 neque
823 904 857 967 in
893 904 1128 987 antiquissimis
1165 903 1239 969 illos
1282 927 1393 970 versus

220 1011 424 1098 Theogoniae
455 1009 669 1075 numerandos
700 1032 769 1075 esse
801 1015 943 1097 constat,
973 1033 1076 1094 neque
1108 1010 1208 1074 ullam
1235 1033 1303 1075 rem
1330 1034 1394 1075 una

221 1117 380 1202 particula
411 1139 476 1182 uno
504 1138 599 1181 versu
627 1116 735 1200 posito
764 1116 931 1181 diiudicari
959 1139 1054 1200 posse
1076 1117 1222 1181 concedo.
1269 1116 1332 1182 Sed
1354 1140 1394 1181 ne

218 1222 400 1289 Aristarchi
427 1224 556 1308 quidem
583 1222 662 1287 111οο
684 1222 766 1287 falsa
784 1223 944 1288 sententia
967 1222 1093 1287 videtur
1115 1222 1230 1310 fuisse,
1252 1222 1285 1286 id
1308 1223 1395 1306 quod

221 1331 368 1418 athetasi‚
400 1331 438 1395 de
470 1353 534 1414 qua
566 1330 650 1394 infra
681 1352 752 1394 sum
784 1329 928 1394 dicturus
961 1326 1014 1416 (cf.
1044 1329 1140 1393 huius
1169 1329 1244 1394 diss.
1272 1327 1329 1413 IV,
1348 1328 1394 1417 3),

219 1438 346 1502 videtur
372 1437 582 1520 comprobari.
632 1434 736 1501 Immo
765 1437 890 1502 cautius
919 1440 952 1501 et
979 1437 1098 1501 rectius
1125 1436 1180 1500 ille
1203 1457 1393 1521 progressus

220 1545 343 1627 διπλῆν
367 1567 458 1609 suam
480 1544 565 1607 nihil
587 1542 675 1607 aliud
696 1542 800 1608 voluit
819 1544 1000 1628 significare
1019 1546 1116 1627 atque
1134 1542 1311 1627 particulae
1329 1545 1393 1629 doc

220 1649 282 1714 hoc
309 1650 380 1715 loco
408 1671 474 1715 non
502 1650 606 1714 inesse
638 1649 753 1735 igitur,
780 1671 871 1736 ergo,
901 1650 946 1727 ὡς
978 1653 1099 1734 ἔοικεν,
1127 1649 1183 1713 sed
1209 1649 1299 1714 illam
1327 1650 1393 1713 vim

222 1757 387 1842 propriam
415 1756 634 1822 concitatioris
658 1756 782 1820 dicendi
805 1756 932 1841 generis
955 1756 1042 1840 quod
1069 1760 1118 1820 est
1144 1756 1179 1818 in
1209 1759 1280 1820 tota
1301 1759 1393 1840 parte

219 1863 340 1949 priore,
377 1886 474 1949 quam
505 1885 565 1927 nos
598 1884 675 1927 voce
707 1861 888 1946 „profecto“
919 1861 1034 1927 Latine
1068 1861 1245 1927 reddamus.
1300 1862 1393 1926 Dixit

220 1992 297 2056 ergo
326 1993 364 2036 ex
392 1969 573 2035 Aristarchi
600 1973 688 2034 recta
716 1970 876 2034 sententia
902 1968 986 2034 nihil
1012 1972 1109 2054 poeta
1135 1969 1214 2033 nisi:
1245 1991 1312 2034 non
1344 1973 1393 2033 est

220 2099 318 2142 unum
347 2078 492 2162 profecto
520 2097 621 2162 genus
649 2075 784 2162 ἐρίδων,
811 2076 866 2140 sed
893 2079 969 2140 sunt
992 2096 1109 2161 genera
1131 2075 1209 2163 duc,
1232 2099 1303 2141 cum
1327 2099 1393 2141 mo-

188 2235 192 2245 .
220 2187 311 2248 neret
333 2206 374 2248 ne
396 2206 495 2248 unam
518 2186 600 2271 ἔριν,
622 2183 739 2248 malam
764 2182 895 2270 scilicet,
918 2183 956 2248 dc
980 2206 1043 2267 qua
1065 2184 1170 2267 primo
1191 2184 1393 2270 cogitaveris,

219 2312 289 2355 esse
324 2313 531 2355 censeremus.
592 2288 706 2374 Neque
745 2294 795 2355 est
830 2290 909 2355 haec
944 2290 994 2354 vis
1031 2290 1135 2355 aliena
1171 2313 1189 2354 a
1225 2291 1394 2376 particula,

218 2397 317 2461 immo
341 2397 425 2461 inest
448 2398 547 2462 etiam
568 2396 604 2460 in
626 2397 785 2481 particula
807 2395 953 2461 Litavica
975 2397 1017 2479 ir,
1040 2397 1092 2461 cui
1115 2418 1188 2461 oum
1210 2397 1268 2461 illa
1286 2398 1391 2461 forma

217 2503 325 2568 eadem
353 2501 446 2591 est‚¹)
471 2506 503 2567 et
530 2503 565 2566 in
587 2503 765 2586 composito
790 2503 867 2589 γάρ,
890 2502 976 2587 quod
999 2506 1049 2566 est
1080 2497 1222 2589 *y'do.²)
1269 2502 1314 2567 Et
1347 2504 1393 2567 in-

219 2609 392 2681 veniuntur
419 2631 547 2693 versuS,
577 2609 633 2693 qui
659 2631 792 2693 prorsus
821 2608 905 2674 idem
932 2609 1081 2673 videntur
1104 2630 1185 2692 esse,
1217 2608 1281 2673 nisi
1305 2609 1391 2693 quod

219 2716 387 2780 minimum
414 2716 548 2780 interest
575 2715 660 2779 inter
687 2737 741 2779 eos
769 2713 876 2779 addita
903 2714 955 2778 vel
983 2714 1101 2779 omissa
1127 2714 1184 2780 illa
1210 2714 1392 2801 ‚,profecto“

219 2823 385 2908 particula,
407 2821 496 2887 velut

220 2970 270 3032 op.
289 2971 321 3014 v.¹
337 2948 379 3013 69
404 2948 449 3025 ὣς
472 2945 585 3031 ἔφαθ’·
609 2948 644 3012 οί
665 2944 695 3012 d’
723 2946 882 3012 ἐπίθοντο
905 2944 966 3011 Ad
989 2949 1159 3032 Κρονίωνι
1182 2948 1298 3012 ἄνακτι

295 3059 318 3119 I
337 3053 382 3119 50
405 3054 449 3132 ὣς
472 3047 585 3139 ἔφαθ’·
610 3054 643 3118 οἱ
666 3050 696 3118 d'
724 3054 796 3138 ἄρα
819 3055 940 3129 πάντες
963 3051 1100 3137 ἐπίαχον
1121 3044 1192 3130 υἷες
1211 3051 1360 3139 Ἀχαιῶν.

219 3178 366 3264 Denique
393 3179 564 3243 manifesto
588 3178 817 3263 comprobatur
840 3178 1000 3242 sententia
1022 3182 1135 3242 nostra
1158 3177 1392 3243 Timocreontis

221 3285 277 3350 illa
298 3281 395 3351 huius
419 3307 530 3351 versus
554 3282 781 3373 imitatione:³)

499 3409 561 3475 οὐκ
583 3411 648 3494 ἄρα
675 3408 865 3495 Τιμοκρέων
888 3419 1012 3493 μοῦνος
1033 3407 1108 3494 md,

222 3533 309 3618 qnod
337 3533 436 3598 simili
463 3533 558 3598 modo
581 3537 702 3597 vertas:
729 3555 797 3598 non
818 3537 868 3598 cst
889 3534 1064 3618 profecto
1088 3557 1171 3599 unus
1194 3534 1393 3619 Timocreon,

222 3640 313 3722 qui..
325 3690 350 3705 ..
365 3637 417 3726 (ut
439 3643 475 3704 tu
494 3638 690 3727 credideris),
708 3640 838 3704 minime
857 3662 933 3705 vero
951 3662 1023 3704 cum
1043 3640 1242 3726 Goettlingio
1261 3642 1296 3705 in
1309 3643 1392 3706 com-

223 3746 381 3810 mentario
400 3746 507 3810 versui
525 3745 684 3812 Hesiodeo
703 3746 878 3829 adscripto:
896 3745 1007 3809 irdher
1021 3745 1176 3829 glaubten
1189 3746 1302 3832 einige,
1315 3747 1392 3811 aber

220 3873 254 3916 es
273 3875 341 3916 war
362 3852 461 3917 nicht,
499 3851 590 3917 Hanc
609 3852 710 3938 igitur
727 3852 794 3917 vim
812 3852 899 3915 vocis
918 3852 982 3936 ἄρα
1001 3853 1038 3913 ut
1057 3851 1102 3914 eis
1122 3852 1178 3935 qui
1195 3852 1339 3937 legerent
1357 3852 1392 3916 in

221 3962 362 4022 mentem
385 3962 557 4043 revocaret,
580 3958 702 4024 addidit
726 3959 854 4043 signum
876 3954 1085 4022 Aristarchus
1108 3961 1251 4044 1100011,
1279 3980 1335 4022 cur
1357 3958 1392 4022 in

198 4139 200 4145 Ι
222 4064 291 4129 eius
315 4065 493 4130 doctrinam
520 4064 722 4151 invehamur3
749 4087 784 4129 re
811 4067 919 4129 autem
941 4085 1008 4128 non
1030 4064 1111 4128 bene
1133 4068 1301 4149 perspecta
1318 4061 1392 4127 Ari-

309 4442 325 4489 a
355 4436 457 4509 Bergk.
476 4437 546 4493 Pac
564 4439 597 4494 fr.
612 4444 637 4493 1.
