3366 5168
699 342 813 400 Scholia
830 344 931 401 Procli.
1359 349 1400 414 71

229 505 325 591 τέρας
346 505 411 572 uti.
458 504 592 591 Aliquid
616 506 721 572 simile
744 506 841 571 etiam
864 508 980 573 Tuetza
997 508 1032 572 in
1051 531 1110 574 suo
1129 511 1304 596 exemplari
1321 513 1404 598 lege-

228 614 300 700 bat,
332 614 397 698 qui.
420 613 480 677 sub
512 615 609 679 finem
638 613 815 678 invectivae
847 636 923 679 suae
956 616 1113 680 orationis
1144 616 1223 682 haec
1254 620 1404 702 exposuit

228 718 272 808 (p.
298 717 390 808 334):
428 732 496 798 πῶς
524 717 562 785 ol
590 723 632 786 σὺ
659 720 677 786 ὁ
705 722 749 805 μὴ
778 720 954 805 δεξάμενος
981 729 1124 806 θρηνεῖν
1151 725 1210 789 τὸν
1237 726 1403 809 χελιδόνα,

229 828 419 904 Πανδίονος
442 827 546 910 αὐτὴν
569 825 682 905 ibelim
706 828 889 911 θυγατέρας
919 839 998 906 πῶς
1021 825 1063 893 δὲ
1086 830 1289 915 ὀρθοβόην
1311 833 1401 914 βού-
1501 832 1503 839 ’

227 939 286 999 λεν
314 934 541 1018 γράφεσθαι
568 935 713 1017 ταύτην
740 934 811 1017 τὴν
833 934 1055 1021 ὁλοημέρας
1077 940 1248 1020 βοῶσαν,
1273 937 1313 1002 ε’ν
1337 940 1402 1021 ὄρ-

226 1047 309 1129 θρῳ
337 1037 373 1105 ot
401 1045 549 1124 μᾶλλον
577 1041 636 1119 οὕς
663 1039 727 1105 ari.
772 1040 858 1104 Huic
886 1041 977 1126 adde,
1010 1042 1066 1126 qui
1099 1043 1258 1107 scholium
1285 1045 1400 1108 melius

224 1146 373 1212 habitum
395 1147 497 1234 novit,
519 1149 682 1211 auctorem
704 1146 814 1230 Etym.
838 1144 978 1212 Gudiani
999 1172 1030 1234 p.
1048 1149 1125 1236 433,
1144 1152 1177 1215 8:
1210 1151 1400 1236 ὀρθογοή’

139 1292 143 1298 ψ
224 1254 245 1338 ἡ
273 1255 425 1339 χελιδών,
453 1253 474 1337 ἡ
502 1253 568 1319 ὑπὸ
596 1255 655 1319 τὸν
679 1256 807 1339 ὄρθρον
830 1266 995 1338 γεννῶσα,
1018 1254 1082 1321 καὶ
1105 1256 1175 1322 οὐκ
1199 1258 1402 1342 ὀρθοβοὴν

226 1362 275 1438 ὥς
300 1384 416 1437 τινες.
464 1359 660 1425 Hesiodeum
689 1362 954 1425 commentarium
981 1362 1081 1426 fuisse
1109 1363 1177 1427 eius
1205 1364 1329 1428 fontem
1356 1365 1402 1429 ita

224 1470 275 1531 est
304 1469 465 1552 apertum,
492 1470 530 1530 ut
557 1469 680 1530 taceam
708 1466 769 1531 hac
793 1466 831 1531 de
853 1489 895 1532 re.
942 1465 1034 1543 Quod
1056 1491 1132 1533 vero
1155 1469 1209 1534 hio
1230 1469 1402 1534 lectionem

225 1575 395 1657 ὀρθογόην
423 1572 540 1656 accipit
567 1576 605 1636 ut
628 1573 720 1637 unice
743 1596 861 1660 veram,
883 1579 1018 1659 apparet
1040 1575 1125 1640 huno
1147 1577 1271 1641 fontem
1293 1576 1400 1642 Procli

225 1678 383 1744 scholium
404 1701 472 1744 non
492 1678 601 1743 fuisse.
646 1678 722 1743 Fuit
746 1701 823 1765 ergo
846 1680 964 1745 veteris
988 1682 1183 1767 interpretis.
1229 1682 1275 1746 At
1298 1704 1401 1766 neque

226 1784 311 1871 apud
333 1786 427 1850 illum
448 1807 535 1850 nunc
556 1785 678 1870 legitur
700 1786 789 1850 varia
811 1786 868 1850 illa
890 1787 986 1852 lectio
1008 1809 1112 1873 neque
1134 1789 1254 1854 mansit
1275 1790 1312 1852 in
1333 1790 1401 1854 eius

225 1893 451 1979 disputatione,
465 1915 562 1977 quam
572 1892 792 1977 Etymologici
804 1897 916 1958 auctor
926 1894 1105 1981 exscripsit,
1114 1896 1216 1960 ullum
1226 1896 1400 1981 vestigium

223 1999 381 2084 longioris
408 1999 496 2063 illius
526 1999 564 2063 de
590 1998 769 2064 Philomela
795 2000 999 2065 narrationis.
1050 2001 1115 2067 Res
1143 2006 1193 2067 est
1219 2002 1399 2067 manifesta.

223 2104 286 2182 Qui
305 2104 436 2191 scholia,
457 2106 574 2190 quibus
594 2110 626 2170 et
640 2105 756 2171 Tuetza
774 2128 851 2171 usus
870 2111 919 2171 cst
938 2111 971 2172 et
988 2108 1111 2173 utimur
1129 2131 1199 2195 nos,
1217 2110 1400 2193 composuit

128 2268 131 2273 .
223 2233 261 2276 ex
295 2212 453 2296 excerptis
488 2212 658 2296 utriusque
689 2214 925 2300 commentarii,
956 2215 984 2280 is
1015 2217 1100 2299 apud
1130 2219 1270 2280 veterem
1303 2216 1399 2280 inter-

222 2323 346 2403 pretem
377 2319 501 2384 invenit
534 2319 625 2384 illam
655 2319 839 2405 lectionem,
873 2342 936 2406 qua
968 2326 1096 2406 recepta
1123 2323 1208 2387 inter
1230 2321 1399 2387 Procliana

129 2429 135 2442 ‘
221 2425 311 2490 visus
343 2425 405 2490 sibi
437 2430 487 2491 est
514 2426 674 2491 invenisse
702 2427 810 2491 versui
837 2427 1001 2494 medelam.
1052 2428 1122 2493 Hae
1150 2428 1399 2513 interpolatione

221 2533 342 2597 factum
375 2536 437 2618 est,
473 2537 511 2597 ut
544 2554 582 2596 ex
616 2534 825 2618 sequentibus
858 2538 1040 2618 temporum
1072 2535 1208 2600 decursu
1240 2535 1398 2599 excideret

222 2639 304 2704 illud
336 2639 591 2704 adversariorum
621 2639 788 2704 iudicium:
821 2641 939 2724 quibus
972 2642 1056 2706 enim
1090 2642 1194 2707 visum
1221 2645 1270 2706 est
1297 2662 1397 2705 unum

223 2745 353 2810 subesse
385 2745 559 2831 scholium,
591 2767 701 2810 eorum
733 2768 772 2810 ex
805 2746 923 2812 iudicio
955 2751 1092 2832 utraque
1126 2748 1285 2812 sententia
1312 2752 1397 2812 stare

221 2873 289 2917 non
310 2852 428 2936 potuit.
473 2850 524 2916 Ita
542 2852 660 2916 veteris
677 2852 864 2937 interpretis
882 2852 1035 2918 iudicium
1053 2854 1088 2918 in
1105 2854 1247 2938 vulgatis
1267 2854 1397 2918 scholiis

222 2957 328 3042 periit.
375 2957 438 3024 Sed
460 2981 525 3023 una
546 2958 643 3043 periit
667 2959 795 3045 signum
814 2959 902 3046 illud,
920 2982 978 3044 per
997 2960 1083 3045 quod
1101 2960 1267 3044 sequentia
1285 2982 1396 3024 rursus

89 3146 94 3153 .
222 3064 338 3130 Proclo
362 3064 625 3152 attribuerentur,
649 3087 730 3150 quae
752 3088 837 3131 nunc
859 3066 1022 3132 immerito
1041 3066 1125 3151 apud
1144 3067 1281 3132 alterum
1299 3068 1396 3132 inter-

221 3176 346 3255 pretem
368 3176 620 3256 permanserunt.
672 3170 720 3238 cf.
743 3173 828 3238 infra
849 3196 879 3258 p.
900 3174 951 3239 92.

310 3278 417 3344 Procli
448 3279 560 3344 deinde
593 3283 670 3344 sunt
701 3302 731 3364 p.
756 3279 836 3366 335,
858 3281 1035 3364 24-336,
1061 3281 1116 3366 19,
1144 3281 1224 3366 338,
1248 3280 1396 3367 13-22,

221 3385 370 3472 23-33‚
398 3387 476 3472 339,
499 3385 624 3472 5-13,
647 3385 722 3473 340,
742 3386 904 3473 14-341,
923 3389 953 3473 3,
975 3387 1186 3474 20-342,1.
1233 3384 1320 3462 Quae
1342 3386 1394 3450 his

221 3491 374 3556 accedunt
396 3515 427 3576 p.
447 3492 525 3576 342,
547 3491 931 3578 1-10,343,11-20,
959 3493 1027 3557 sine
1056 3494 1153 3558 dubio
1177 3493 1295 3558 veteris
1319 3496 1395 3557 sunt

222 3597 436 3683 grammatici,
449 3599 487 3662 de
507 3619 571 3682 qua
588 3620 623 3662 rc
642 3620 740 3683 supra
758 3599 862 3663 firsius
880 3599 1114 3683 disputavimus
1132 3622 1162 3683 p.
1177 3600 1394 3665 til—Porro

221 3706 298 3768 sunt
319 3703 427 3769 Procli
449 3727 478 3788 p.
500 3704 578 3791 345,
599 3705 743 3791 1-346,
762 3705 819 3792 25,
841 3705 916 3770 licet
939 3706 1043 3770 multa
1064 3728 1122 3790 pcr
1145 3708 1253 3783 ἄλλως
1275 3706 1394 3771 disiun-

220 3813 354 3896 gantur,
382 3833 401 3875 a
428 3810 546 3895 quibus
574 3811 715 3897 disiungi
746 3833 814 3876 non
839 3816 985 3894 possunt.
1035 3811 1185 3877 Fortasse
1213 3813 1310 3876 etiam
1337 3812 1394 3877 illa

87 3964 100 3996 2
220 3917 366 4000 exempla
389 3938 428 3982 ex
450 3937 558 3980 rerum
580 3921 745 4002 gestarum
767 3916 921 3982 memoria
943 3904 1060 4003 petita,
1088 3939 1169 4001 quae
1192 3918 1307 3984 Tzctza
1330 3940 1393 3983 ser-

220 4024 309 4088 varit
331 4046 361 4108 p.
381 4023 461 4109 347,
488 4026 567 4087 nota
592 4023 688 4088 nobis
716 4024 781 4088 iam
807 4022 861 4087 ria
888 4046 907 4087 a
933 4022 1106 4089 Plutarcho
1130 4025 1171 4089 ad
1192 4024 1352 4112 Proclum,
1374 4048 1393 4089 a

219 4129 334 4196 Proclo
358 4130 399 4195 ad
421 4129 570 4194 Taetrum
591 4133 756 4194 venerunt.

309 4235 402 4313 Quod
429 4234 575 4321 sequitur
603 4236 761 4302 scholium
789 4238 829 4303 ad
857 4260 885 4302 v.
906 4238 985 4324 597,
1002 4261 1033 4323 p.
1052 4238 1132 4326 348,
1153 4237 1295 4324 15-28‚
1319 4260 1392 4323 sup-

218 4344 371 4429 plendum
389 4348 438 4409 est
455 4344 567 4409 multis
581 4343 760 4408 Tuetzianis
769 4366 799 4428 p.
811 4344 886 4429 349,
899 4343 974 4430 350,
988 4344 1022 4409 id
1036 4344 1122 4430 quod
1136 4344 1240 4429 ipsius
1259 4343 1392 4409 Tuetzae

219 4450 326 4516 verbis
350 4449 590 4518 commandatur
607 4474 639 4536 p.
659 4449 733 4538 349,
748 4451 781 4517 8:
805 4451 823 4517 ὁ
847 4453 953 4536 σοφὸς
971 4456 1143 4538 Πρόκλος.
1160 4453 1221 4517 αα
1235 4503 1242 4516 .
1257 4503 1264 4516 .
1279 4449 1391 4537 ἐξηγή-
