3390 5178
565 335 608 395 De
625 340 741 409 reliquis
761 342 882 412 Operum
900 340 1022 395 scholiis.
1090 352 1093 353 ’
1318 341 1379 405 157

209 512 314 587 τριῶν
336 505 451 570 ποδῶν
474 505 511 569 τὸ
535 513 650 588 μῆκος·
678 506 726 580 εἰς
748 501 875 589 ὑπέρου
898 500 935 568 δὲ
957 502 1171 586 κατασκευήν,
1193 504 1299 585 ἤγουν
1322 512 1382 568 τοῦ

209 620 330 687 κοινῶς
358 610 522 693 κοπύνου,
549 609 646 695 τέμνε
674 609 774 688 ξύλον
801 621 904 695 τριῶν
931 612 1076 693 πήχεων·
1110 611 1158 685 εἰς
1178 611 1383 693 κατασκευὴν

212 713 249 781 δὲ
268 717 387 794 ἄξονος
408 715 505 802 τέμνε
531 717 629 794 ξύλον
653 714 733 781 ἑπτὰ
755 718 870 781 ποδῶν
892 717 929 781 τὸ
953 724 1067 800 μῆκος·
1097 718 1174 780 λίαν
1196 716 1258 800 γὰρ
1284 715 1383 801 ἁρμό-

212 823 287 887 διον
315 823 401 888 ούτω
429 835 546 888 ποιεῖν.
597 823 656 888 ἐὰν
686 820 724 888 δὲ
747 823 831 888 ὀκτὼ
854 824 969 887 ποδῶν
991 822 1104 906 τύμῃς,
1128 822 1282 905 δηλονότι
1306 822 1383 887 ἄπο-

210 928 327 1012 τύμοιο
359 931 416 1012 ύν,
447 927 521 994 ἀντὶ
548 938 608 995 τοῦ
636 924 831 1014 ἀποτύμοις,
858 926 914 993 καὶ
941 930 1075 1013 σφύραν
1102 925 1159 992 ἀπ’
1183 927 1302 1011 αὐτοῦ,
1324 930 1384 993 τὸν

210 1033 269 1100 ἕνα
295 1036 383 1099 πόδα
411 1036 581 1118 δηλονότι,
609 1034 802 1117 ἀρκούντων
825 1045 892 1099 τῶν
916 1032 996 1099 ἑπτὰ
1019 1043 1063 1121 τῷ
1086 1033 1193 1112 ἄξονι·
1221 1037 1269 1110 εἰς
1290 1058 1384 1100 κατα-

210 1142 332 1224 σκευὴν
359 1137 396 1206 δὲ
424 1141 544 1218 ἁψῖδος
571 1139 668 1226 τέμνε
692 1140 793 1220 ξύλον
815 1151 918 1226 τριῶν
941 1146 1121 1225 σπιθαμῶν
1144 1139 1238 1205 ἕνεκα
1261 1140 1385 1224 ἁμάξης

211 1249 414 1333 δεκαδύρου,
445 1250 552 1331 ἤγουν
582 1249 638 1315 ἵνα
665 1250 806 1334 ποιήσῃς
832 1246 975 1332 ἅμαξαν,
1002 1246 1151 1312 τουτέστι
1178 1249 1238 1312 τὸν
1263 1250 1384 1332 τρύχον

210 1363 269 1438 τῆς
291 1352 425 1438 ἁμάξης,
449 1355 640 1441 δεκύδωρον
663 1355 723 1438 τὴν
742 1354 919 1439 διάμετρον
938 1355 1063 1438 ἔχοντα.
1106 1355 1213 1418 πολλὰ
1230 1354 1385 1437 καμπύλα

210 1465 309 1542 κᾶλα,
338 1461 445 1542 ἤγουν
473 1470 635 1548 περιφερῆ
659 1460 751 1543 ξύλα,
776 1459 947 1544 ἐπιτιμῶν,
971 1457 1041 1525 ἐπεὶ
1059 1462 1225 1526 πλειόνων
1248 1460 1302 1524 δεῖ
1321 1482 1385 1524 τοι·

213 1568 322 1631 ούτων
344 1576 383 1652 τῇ
412 1566 525 1650 ἁψῖδι,
556 1562 605 1632 ὧν
633 1567 771 1632 ἕκαστον
798 1568 925 1652 ὀφείλει
954 1561 1038 1631 εἶναι
1066 1569 1292 1651 τρισπίθαμον
1321 1563 1384 1631 κτὲ.

213 1671 276 1737 Vel
299 1673 337 1736 cf.
362 1673 502 1738 eiusdem
526 1695 607 1757 quae
631 1677 707 1737 sunt
729 1696 759 1757 p.
780 1673 831 1758 77,
850 1673 902 1757 93,
927 1673 1001 1758 108,
1025 1673 1098 1758 132,
1124 1673 1196 1757 164,
1219 1671 1294 1757 265,
1311 1672 1386 1757 365,

214 1779 289 1862 374,
312 1779 385 1843 aliis
407 1801 474 1844 non
492 1780 602 1864 paucis
620 1780 710 1866 locis,
728 1801 810 1863 quos
829 1778 1008 1844 exscribere
1026 1779 1160 1863 longum
1178 1784 1235 1843 est.
1274 1778 1385 1842 Etiam

213 1886 297 1970 apud
325 1884 474 1950 'Pzetzam
509 1891 586 1951 sunt
617 1885 710 1972 talia,
742 1885 796 1950 sed
828 1907 952 1969 semper
984 1886 1142 1950 immixtis
1175 1907 1212 1949 ea
1242 1886 1385 1952 invenies

213 1992 299 2076 apud
326 2013 399 2056 eum
426 1992 609 2078 calumniis3
636 1994 674 2057 cf.
702 2015 732 2077 p.
752 1991 805 2080 35,
825 1991 898 2079 109,
916 1992 991 2078 339,
1014 1991 1100 2056 alibi.
1155 1990 1278 2067 Quibus
1306 1991 1385 2056 loeis

212 2120 285 2162 cum
308 2098 478 2186 similibus,
502 2122 583 2183 quae
606 2099 640 2164 in
663 2098 843 2164 Homericis
867 2098 1044 2164 aliorumve
1061 2101 1230 2182 poetarum
1254 2098 1385 2163 scholiis

212 2208 354 2292 exstant,
377 2206 570 2291 comparatis
597 2205 679 2269 mihi
707 2205 856 2270 ridentur
880 2204 920 2270 ad
942 2203 1047 2289 Opera
1070 2205 1204 2270 Hesiodi
1228 2205 1385 2269 eiusmodi

212 2311 423 2395 paraphrases
446 2313 559 2398 fluisse,
583 2312 693 2397 quales
717 2313 757 2377 ad
781 2311 916 2377 Iliadem
941 2315 1128 2397 supersunt,
1151 2312 1189 2376 de
1214 2312 1333 2395 quibus
1356 2333 1385 2375 r.

212 2418 370 2502 imprimis
403 2419 609 2504 appendicem
641 2418 820 2484 Ludwiohii
851 2416 951 2482 Arist.
975 2418 1060 2482 hom.
1088 2417 1219 2482 Textkr.
1245 2417 1286 2482 Π.
1340 2417 1386 2481 Et

214 2528 262 2588 est
290 2546 365 2589 sane
388 2526 467 2589 satis
489 2526 641 2589 idoneum
663 2526 704 2590 ad
725 2525 824 2590 talem
850 2524 1095 2608 explicationem
1119 2525 1270 2588 carminis
1293 2544 1386 2607 argu·

214 2634 365 2695 mentum.
418 2630 633 2715 Paraphrases
657 2632 698 2695 ad
720 2630 941 2716 Theogoniam
965 2652 1092 2714 quoque
1114 2629 1216 2694 factas
1240 2651 1310 2693 esse
1332 2629 1386 2693 do-

92 2780 96 2787 ·
214 2737 282 2801 cuit
300 2741 397 2821 atque
416 2760 433 2802 e
453 2737 584 2802 scholiis
599 2737 743 2822 exempla
756 2738 926 2822 proposuit
939 2735 1100 2820 blachius,
1114 2735 1218 2801 Gloss.
1234 2740 1266 2799 et
1280 2734 1385 2801 Schol.

213 2867 243 2928 p.
265 2844 329 2909 134
339 2866 408 2928 sqq.

303 2950 426 3016 Deinde
459 2955 564 3017 exstat
596 2975 625 3037 p.
649 2951 714 3015 448
732 2973 801 3036 sqq.
835 2950 933 3016 Gaisf.
966 2949 1096 3015 Ioannis
1130 2949 1387 3033 Protospatharii

215 3058 365 3143 ἐξήγησις
383 3059 507 3143 φυσικὴ
526 3069 593 3124 τῶν
613 3059 746 3146 ἡμερῶν
762 3057 931 3141 Ἡσιόδου,
949 3079 1100 3123 versuum
1119 3056 1186 3121 soil.
1202 3056 1387 3141 uuo-820,

215 3187 296 3249 quae
323 3163 444 3229 nullius
471 3169 521 3230 est
547 3166 645 3250 pretii
671 3186 869 3250 prorsusque
896 3164 1020 3228 redolet
1046 3163 1187 3227 hominis
1214 3162 1387 3247 Byzantini

214 3275 364 3336 naturam
392 3275 425 3334 et
453 3275 562 3336 artem.
607 3271 720 3337 Nihilo
744 3273 865 3358 minus,
889 3276 1046 3356 quantum
1066 3293 1127 3334 nos
1150 3269 1299 3355 vidimus,
1320 3292 1387 3334 non

215 3378 332 3461 pendet
359 3376 414 3441 ille
441 3400 458 3441 e
487 3378 617 3444 scholiis
640 3378 889 3463 vetustioribus,
910 3400 1014 3462 neque
1037 3377 1105 3441 ullo
1128 3377 1200 3442 loco
1224 3376 1302 3465 (nisi
1324 3377 1387 3441 for-

216 3487 301 3548 tasse
333 3483 372 3548 ad
404 3506 432 3546 v.
461 3483 541 3571 802)
572 3485 777 3568 reperiuntur
809 3485 894 3568 apud
926 3506 998 3547 eum
1030 3483 1147 3548 similia
1180 3505 1216 3548 ac
1244 3505 1326 3568 quae
1353 3483 1388 3547 in

217 3588 347 3654 scholiis
371 3589 491 3653 nostris
514 3594 702 3655 tractantur.
747 3589 810 3655 Sed
833 3590 1081 3655 commentarius
1104 3589 1226 3655 nullius
1249 3595 1299 3654 est
1321 3613 1388 3654 mo-

217 3695 381 3780 momenti,
402 3716 505 3779 neque
523 3696 629 3762 fontes
648 3697 716 3761 eius
735 3698 915 3781 perspicere
933 3696 1027 3760 nobis
1046 3696 1134 3780 licet3
1157 3716 1234 3780 ergo
1253 3697 1388 3759 missum

218 3823 290 3865 eum
312 3801 476 3867 faciamus.
1327 3846 1330 3851 ·

305 3906 443 3973 Restant
471 3908 606 3992 denique
633 3908 668 3972 iu
695 3908 801 3973 codice
827 3907 976 3971 Parisino
1000 3905 1087 3971 2708
1115 3906 1179 3970 duo
1207 3906 1246 3971 de
1278 3906 1388 3972 fabula

217 4014 382 4080 Pandorae
413 4015 595 4100 fragmenta
626 4015 748 4099 publici
779 4014 859 4078 iuris
886 4013 972 4078 facta
1003 4013 1037 4077 in
1064 4012 1148 4077 libro
1176 4010 1299 4098 „Gloss
1323 4014 1388 4077 und

147 4159 153 4172 ·
219 4119 343 4187 SchoL“
360 4145 390 4206 p.
409 4122 585 4188 417—419
609 4121 787 4208 aldechio,
811 4122 867 4205 qui
889 4143 943 4185 eas
966 4119 1118 4204 reliquias
1140 4142 1209 4185 esse
1231 4142 1388 4185 commen-

218 4229 295 4293 tarii
318 4251 337 4293 a
358 4228 526 4294 Proculeio
551 4226 632 4313 Syro
661 4227 834 4312 conscripti
858 4228 1039 4312 suspicatus
1063 4230 1113 4291 est
1136 4224 1179 4313 (v.
1203 4227 1249 4292 ed.
1272 4226 1388 4291 tertiae

219 4333 479 4421 Goettlingianae
510 4335 603 4419 proll.
632 4359 662 4419 p.
686 4332 751 4421 59).
807 4322 852 4399 At
883 4335 946 4399 fuit
981 4333 1167 4399 Proculeius
1200 4331 1388 4420 (secundum

220 4439 351 4506 Suidam
383 4465 407 4507 s.
430 4466 459 4508 v.
488 4445 642 4527 Πρόκλος
673 4442 691 4508 d
722 4445 925 4527 Προκλήιος,
957 4441 1013 4525 qui
1044 4462 1128 4505 unus
1160 4439 1199 4505 de
1226 4462 1263 4505 eo
1292 4440 1388 4505 nobis
