3390 5178
459 388 501 444 De
520 389 641 459 Operum
659 388 784 445 versibus
804 389 840 443 ab
859 388 983 457 antiquis
1001 389 1133 445 laudatis.
1319 391 1384 454 213

210 551 344 641 „multi“
372 553 546 618 studebant
573 553 718 618 invenire
745 553 781 617 in
803 574 899 618 versu
921 551 1006 640 405,
1033 575 1128 636 quem
1151 554 1384 638 interpreta-

210 662 353 727 bantur
381 661 443 726 hoe
465 660 569 725 modo.
616 659 703 736 Quae
725 659 951 744 interpretatio
975 663 1089 745 postea
1110 660 1145 723 in
1167 682 1295 725 versum
1318 661 1383 726 406

210 746 429 854 estimans,
457 767 566 832 eodem
588 766 684 831 modo
708 766 802 831 utin
825 789 953 831 versum
977 767 1043 832 294
1065 765 1290 850 interpretatio
1313 767 1384 832 Ari-

211 874 318 959 stidis3
351 874 449 939 verba
480 873 551 957 ipsa
583 873 705 962 κτητήν
736 872 782 937 od
814 875 967 957 γαμετήν,
1000 873 1021 955 ti
1053 877 1120 937 κτλ.
1148 873 1257 937 litem
1284 874 1322 939 de
1349 896 1384 939 re

209 981 311 1046 fuisse
347 978 608 1045 manifestissime
645 980 876 1044 demonstrant.
931 976 993 1042 Sed
1028 979 1194 1044 redeamus
1231 981 1271 1045 ad
1307 1004 1383 1046 rem.

209 1087 238 1152 hl
257 1086 423 1152 Plutarchi
442 1084 573 1151 Conviv.
598 1085 776 1170 quaestion.
800 1109 830 1171 p.
851 1086 944 1149 rasa
963 1083 1035 1173 (IV,
1050 1087 1114 1152 363
1124 1084 1175 1173 B.)
1198 1086 1281 1151 nihil
1304 1089 1384 1152 certi

209 1195 362 1281 efficitur,
393 1215 587 1278 quamquam
617 1193 695 1258 haec
725 1214 854 1277 quoque
883 1192 994 1277 verba,
1025 1194 1054 1257 si
1080 1193 1176 1258 modo
1203 1198 1298 1258 erunt
1321 1195 1384 1260 alia

209 1304 399 1387 argumenta
430 1301 573 1388 prolata,
606 1300 801 1365 videbuntur
832 1303 978 1365 nostram
1010 1300 1147 1385 probare
1177 1302 1383 1387 sententiam3

209 1409 263 1473 sed
291 1407 381 1473 adest
408 1407 531 1492 aliquid
557 1407 593 1472 in
621 1406 844 1472 commentarii
872 1407 940 1471 eius
968 1407 1114 1491 reliquiis
1143 1407 1183 1472 ad
1207 1408 1293 1472 hunc
1316 1430 1383 1473 ver-

209 1538 280 1580 sum
309 1513 363 1603 (ef.
387 1537 486 1600 supra
507 1537 538 1599 p.
558 1514 611 1601 67,
633 1537 663 1599 p.
684 1514 772 1601 104).
818 1513 902 1578 Sane
922 1514 1119 1598 permixtum
1142 1518 1192 1579 est
1212 1514 1275 1579 hoc
1297 1516 1382 1601 frag-

208 1628 352 1688 mentum
362 1644 434 1688 cum
443 1621 629 1704 Proclianis‚
644 1622 700 1706 qui
709 1621 809 1686 vaae
819 1625 905 1687 certe
915 1621 1052 1707 legebat,
1067 1622 1154 1705 quod
1162 1622 1281 1686 iterum
1291 1644 1383 1708 argu-

208 1735 317 1795 mento
337 1733 387 1795 est
406 1730 474 1794 eius
493 1730 528 1794 in
546 1729 695 1794 manibus
713 1728 815 1794 fuisse
836 1729 998 1814 exemplar
1011 1728 1161 1815 vulgatae
1175 1729 1383 1815 recensionis3

209 1838 265 1901 sed
282 1837 433 1902 videntur
451 1835 580 1921 utrique
600 1858 658 1901 sua
672 1857 768 1920 posse
781 1836 912 1900 restitui
925 1836 1012 1901 hunc
1025 1836 1060 1900 in
1074 1836 1204 1900 modum
1221 1833 1265 1923 (p.
1276 1836 1383 1924 258,2

209 1942 335 2031 Gaisf.):
365 1943 421 2026 [οὐ
449 1942 536 2025 λέγει
560 1938 631 2007 οὖν
653 1943 836 2024 παλλακήν,
864 1941 947 2007 ἀλλὰ
971 1943 1103 2027 φύλακα
1127 1952 1187 2009 τοῦ
1209 1949 1305 2008 οἴκου
1328 1943 1383 2009 καὶ

207 2063 274 2116 τῶν
297 2049 410 2136 βοῶν)
447 2050 589 2134 μάτην
612 2045 713 2135 [οὖν]
737 2047 895 2131 λέγουσιν
914 2050 949 2115 ot
965 2048 1039 2133 περὶ
1060 2053 1199 2134 Τίμαιον
1214 2049 1382 2140 Ἡσιόδῳ

207 2159 266 2224 τὸν
285 2155 516 2242 Ἀριστοτέλην
542 2160 745 2241 πειθόμενον
772 2157 852 2241 μετὰ
879 2156 940 2238 τὴν
966 2165 1023 2241 τῆς
1046 2158 1204 2240 γυναικὸς
1226 2158 1382 2240 τελευτὴν

203 2264 396 2351 Ἑρπυλλίδι
424 2275 575 2329 συνεῖναι
603 2274 642 2350 τῇ
665 2266 849 2349 θεραπείνῃ
871 2261 934 2328 xri.
982 2260 1108 2327 Gaudet
1131 2263 1233 2349 igitur
1255 2262 1381 2329 Plutar-

207 2372 298 2456 chus,
331 2371 417 2455 quod
449 2393 523 2435 non
553 2373 658 2435 exstat
689 2369 755 2434 tale
788 2369 964 2453 quidquam
996 2369 1031 2433 in
1058 2368 1192 2434 Hesiodi
1224 2370 1381 2455 versibus,

206 2500 310 2562 neque
341 2499 470 2542 versum
501 2476 601 2541 novit.
655 2474 777 2541 Contra
808 2474 943 2539 Proclus
976 2476 1119 2560 captiose
1150 2475 1383 2560 interpretatur

207 2606 335 2649 versum
362 2583 428 2647 406
459 2586 491 2646 et
520 2604 670 2668 perverse
700 2581 798 2646 etiam
827 2585 962 2667 propter
992 2582 1073 2646 illud
1101 2585 1164 2647 καί.
1194 2581 1381 2647 —Versus

207 2690 271 2754 408
306 2690 468 2775 posterius
499 2687 739 2753 hemistichium
767 2692 880 2752 auctor
907 2688 970 2752 iste
997 2687 1289 2772 Epimerismorum
1316 2688 1382 2754 Ho-

207 2797 398 2862 merieorum
430 2796 515 2881 apud
543 2793 682 2860 Cramer.
705 2792 766 2859 An.
791 2793 885 2859 0x.l
912 2817 943 2879 p.
964 2795 1027 2859 123
1033 2797 1081 2882 ,3
1111 2796 1158 2860 sie
1186 2796 1330 2880 scripsit:
1363 2796 1381 2862 ὁ

206 2901 267 2988 μὲν
292 2902 378 2988 [pira
400 2912 480 2986 τητᾶ
504 2922 627 2966 errores
651 2901 879 2987 typothetael]
902 2901 1050 2988 ἀρνεῖται
1069 2904 1111 2967 σὺ
1130 2898 1167 2966 dl
1185 2912 1276 2988 τητᾷ,
1296 2903 1382 2986 quod
1480 2981 1482 2985 ι

113 3066 116 3072 .
205 3032 309 3095 neque
331 3031 443 3075 versus
467 3008 582 3093 recipit
605 3012 638 3072 et
660 3008 849 3093 perspicuae
872 3009 1007 3094 originis
1030 3013 1080 3073 est
1102 3009 1294 3093 corruptela.

295 3116 401 3182 Versu
431 3116 497 3180 410
527 3137 622 3180 usum
652 3115 802 3181 vocabuli
832 3116 951 3202 αὔριον
983 3117 1142 3200 approbat
1170 3139 1318 3201 anonym.
1343 3118 1382 3181 de

205 3225 406 3290 barbarismo
434 3246 464 3308 p.
490 3223 552 3288 197
568 3222 695 3309 Valck.‚
727 3222 815 3287 vocis
844 3225 964 3308 ἔννηφι
991 3222 1109 3289 Athen.
1129 3222 1207 3288 XIV
1235 3247 1266 3309 p.
1286 3223 1381 3289 653d

206 3335 238 3394 et
270 3329 319 3395 lII
342 3354 372 3414 p.
394 3330 490 3394 1007)
523 3334 556 3394 et
588 3330 763 3394 scholiasta
795 3329 964 3415 Aristoph.
997 3331 1037 3395 ed
1069 3330 1208 3396 Acharn.
1229 3332 1291 3395 172
1306 3330 1380 3415 Dd.;

206 3436 340 3500 eundem
368 3440 502 3520 propter
530 3439 757 3520 argumentum
783 3435 917 3500 laudant
940 3435 1119 3520 Dionysius
1142 3437 1380 3503 Alexandrinus

205 3564 237 3608 rr.
261 3544 338 3627 φύσ.
361 3543 444 3628 πρὸς
459 3540 559 3607 Ἐπίκ.
581 3542 666 3624 apud
687 3541 805 3606 Euseb.
824 3564 931 3626 praep.
951 3562 1062 3627 evang.
1076 3543 1165 3630 XIV,
1183 3545 1224 3608 27
1246 3568 1275 3628 p.
1293 3545 1380 3609 7810

205 3646 467 3736 (11‚331Dinu)
495 3669 568 3713 cum
591 3670 619 3711 v.
638 3647 718 3732 413,
746 3645 905 3712 Stobaeus
929 3648 963 3713 in
986 3648 1119 3734 Eulogis
1142 3650 1235 3734 phys.
1260 3654 1292 3714 et
1315 3650 1379 3715 eth.

205 3753 248 3841 ΙΙ,
263 3754 343 3840 7,11
360 3752 407 3842 (II
421 3777 451 3839 p.
464 3751 711 3841 116Wachsm.)
731 3776 804 3818 eum
818 3776 848 3818 r.
858 3754 933 3840 411,
948 3754 1179 3841 Theodoretus,
1194 3755 1250 3840 qui
1263 3755 1380 3839 pendet

205 3883 223 3926 e
240 3860 406 3947 Dionysio,
430 3862 465 3926 in
486 3861 570 3926 libro
595 3861 634 3925 de
656 3866 721 3926 nat.
744 3860 830 3926 hom.
849 3884 880 3945 p.
896 3861 948 3947 70,
966 3862 1010 3925 30
1031 3859 1076 3949 (p.
1094 3863 1155 3927 191
1168 3860 1282 3949 Gaisf.)
1305 3884 1378 3927 cum

204 3989 232 4032 v.
256 3967 330 4031 413.
358 4006 402 4016 -
432 3967 530 4044 Quasi
563 3969 678 4033 umbra
709 3990 822 4033 versus
853 3968 917 4032 411
951 3968 1071 4054 legitur
1103 3969 1139 4033 in
1171 3969 1379 4055 gnomologia

204 4073 351 4139 Parisiua
380 4075 466 4159 apud
492 4075 681 4141 Boissonad.
704 4074 765 4140 An.
790 4097 836 4160 gr.
856 4073 872 4139 I
897 4073 1050 4161 115,17:
1083 4076 1167 4162 dodo
1196 4077 1317 4153 ἄοκνος
1341 4074 1378 4163 (1)

203 4185 363 4266 πίμπλησι
386 4184 513 4265 καλιήν.
534 4220 574 4228 -
594 4181 716 4246 Versus
735 4181 801 4246 412
824 4182 1039 4266 posteriorem
1060 4187 1185 4267 partem
1204 4182 1378 4247 scholiasta

204 4288 244 4351 ad
262 4287 352 4352 Pind.
371 4286 412 4353 N.
427 4287 485 4375 Vl,
504 4289 544 4352 91
570 4313 602 4374 p.
624 4288 759 4354 19441).
782 4288 899 4353 tribuit
917 4287 1069 4375 Homem,
1092 4312 1189 4374 quam
1208 4289 1377 4375 neglegen-

202 4393 283 4458 tiam
318 4396 405 4480 apud
436 4415 509 4459 eum
541 4393 605 4459 iam
636 4396 676 4460 ad
707 4417 736 4459 v.
760 4395 825 4459 218
858 4395 1049 4463 invenimus.
1077 4434 1121 4443 —
1147 4396 1287 4462 Versum
1311 4397 1376 4461 413

204 4504 332 4583 praeter
358 4501 552 4587 Dionysium
586 4505 618 4566 et
646 4500 884 4567 Theodoretum
914 4501 1127 4569 laudaverunt
1142 4496 1313 4571 'Animus
1342 4503 1377 4567 in
