3342 5168
381 325 424 378 De
442 323 578 393 ampliore
596 322 664 378 olim
681 322 792 378 Veieris
810 322 976 392 interpretis
996 321 1203 377 commentario.
1334 322 1375 385 31
1491 316 1493 320 ’

209 487 340 552 ειύύίιολ
355 484 472 575 (l.11):
486 485 780 573 ἀερσιπότητος·
796 486 814 552 ό
829 485 924 574 ἐντῷ
940 483 1012 571 ἀερὶ
1026 487 1213 569 πετόμενος.
1232 501 1377 570 παρεσχη

209 598 355 680 ματίσθη
376 590 413 659 δέ
431 592 452 676 ν)
471 592 587 658 εύθεία
604 592 686 675 αὕτη
701 591 765 657 ιἰπδ
780 601 925 676 γενικῆς·
949 591 1144 678 ύερσιπύτης
1157 587 1219 676 μὲν
1233 592 1295 677 γδιρ
1309 595 1378 656 κλί-

209 725 301 767 νεται
320 699 519 786 ἀερσιπότου
538 696 695 764 ἀλλὰκαὶ
717 708 778 764 τοῦ
797 698 1043 785 ἀερσιπότητος·
1068 696 1131 763 ἀπὸ
1150 706 1209 780 τῆς
1226 697 1378 782 ἀερσιπό-

208 830 305 890 τητος
328 801 390 872 ούν
413 814 546 890 γενικῆς
573 799 670 882 οὗτος
692 805 754 888 την
777 805 914 870 εύδείαν
941 804 1065 887 ταύτην
1087 804 1378 890 παρεσχημύτισεν.

299 910 361 977 Sed
384 917 461 977 sunt
483 912 581 977 eiiam
603 916 636 976 et
660 911 788 995 quidem
805 911 946 995 plurima
965 910 1117 996 exemplu,
1137 910 1255 994 quibus
1274 915 1379 976 osten-

208 1020 303 1084 datur
339 1018 488 1084 Taetzam
523 1022 664 1083 veterem
701 1018 946 1104 grammaticum
980 1016 1186 1100 exscripsisse
1223 1017 1275 1082 vel
1312 1017 1378 1081 illis

207 1126 297 1212 loeis,
319 1125 377 1189 ubi
399 1147 485 1190 nuno
508 1125 576 1189 eius
597 1146 656 1190 neo
678 1125 752 1190 vola
773 1146 877 1208 neque
900 1123 1074 1209 vestigium
1092 1127 1233 1208 apparet.
1275 1123 1381 1209 Leges,

210 1253 291 1316 quae
324 1236 399 1296 suni
427 1232 468 1296 ad
494 1254 523 1296 v.
550 1232 613 1295 192
642 1231 812 1296 Tzeiziana
834 1228 878 1318 (p.
905 1228 996 1318 150)t
1027 1230 1129 1305 αἰδὼς
1155 1227 1210 1295 καί
1238 1232 1377 1315 αἰσχύνη

208 1339 290 1404 κατὰ
311 1335 582 1423 Ἀριστόξενον
605 1340 673 1404 τδν
691 1339 899 1402 Μουσικὸν
923 1335 1155 1422 διαφέρουσιν·
1178 1334 1233 1401 καί
1256 1337 1312 1401 ἵνα
1333 1337 1378 1400 ‘cd

208 1445 336 1510 πολλὰ
367 1445 488 1510 τούτου
520 1444 693 1529 πορεύσω,
729 1445 831 1521 αἰδὼς
862 1439 923 1528 μὲν
955 1444 975 1526 ἡ
1008 1444 1107 1529 μικρὰ
1138 1440 1193 1507 καί
1227 1439 1279 1506 έπί
1310 1454 1380 1519 τοίς

208 1561 346 1635 τυχοῦσι
370 1550 528 1636 γινομένη
551 1551 727 1637 ύποστολη,
751 1550 885 1635 εύλαβεί
905 1555 1063 1637 λογισμῷ·
1088 1550 1227 1634 αἰσχύνη
1247 1545 1284 1613 δέ
1302 1548 1323 1632 η
1342 1546 1379 1613 ἐν

208 1668 320 1733 κακοῖς
343 1656 464 1741 ίιτιμία.
509 1656 755 1722 Dubitetionem
777 1659 900 1743 morai,
924 1656 1030 1720 sintne
1051 1655 1131 1720 haee
1153 1654 1285 1718 Tzeiaee
1308 1676 1379 1738 pro·

209 1762 290 1848 pria,
311 1762 388 1827 lieet
412 1764 500 1828 solus
523 1786 560 1828 ea
581 1763 708 1848 habeat,
726 1762 941 1829 Aristoxenus
965 1762 1124 1827 laudatus.
1165 1760 1300 1845 Insuper
1322 1783 1379 1845 per

210 1890 304 1932 suurn
322 1869 403 1933 illud
420 1870 527 1936 πολλοί
545 1871 613 1955 ipse
632 1870 724 1955 quasi
742 1869 845 1955 digito
864 1872 1024 1934 monstrat
1040 1868 1207 1952 copiosum
1221 1867 1379 1952 quendam

209 1976 475 2040 commentarium
498 1974 551 2063 (ex
576 1999 640 2061 quo
663 1977 720 2040 illa
742 1977 860 2060 reperii
882 1975 966 2040 idem
990 1974 1030 2039 ad
1051 1997 1080 2039 v.
1099 1974 1163 2038 319
1182 1996 1213 2058 p.
1232 1971 1378 2061 212εη.)

208 2081 254 2145 nt
287 2082 489 2147 conservavit
520 2083 651 2148 fortuna
682 2084 734 2149 rel
765 2083 868 2147 invito
901 2081 1016 2146 Tzeiza
1044 2081 1152 2146 omnia
1178 2080 1235 2145 illa
1261 2080 1379 2165 πολλαί,

211 2210 292 2272 quae
315 2190 414 2254 missa
436 2189 554 2254 fecerat
576 2190 640 2276 ille,
662 2212 719 2274 per
741 2189 977 2276 Erymologioa
1000 2211 1039 2253 ex
1062 2188 1179 2273 quibus
1198 2185 1379 2253 Gudianum

209 2294 295 2380 quod
317 2299 455 2360 vocatur
477 2317 637 2380 apponam
660 2294 704 2380 (p.
730 2294 786 2385 16)
816 2318 889 2361 oum
916 2296 1015 2361 variis
1041 2294 1234 2360 lectionibus
1261 2294 1378 2359 oodiois

211 2398 424 2466 Sorbonensis
448 2399 500 2488 (of.
523 2401 622 2467 Gaisf.
647 2402 721 2468 edii.
739 2425 769 2487 p.
792 2402 855 2467 150
873 2407 939 2468 not.
958 2400 1001 2490 λ);
1025 2404 1143 2478 αἰδὼς
1165 2399 1219 2466 καί
1238 2402 1378 2486 αἰσχύνη

209 2506 441 2593 διαφέρουσιν·
458 2507 535 2595 (ρει
547 2507 653 2597 Sorb.)
665 2511 767 2586 αἰδὼς
781 2506 842 2595 μὲν
853 2507 930 2596 (γάρ
942 2509 1032 2575 ἐστιν
1042 2508 1111 2573 add.
1120 2506 1226 2595 Sorb.)
1237 2508 1378 2593 ἐντροπὴ

208 2615 292 2700 πρὸς
315 2613 453 2680 ἕκαστον
476 2618 661 2700 σεβασμίως
684 2618 771 2700 ἔχειν
795 2613 916 2702 (Sorb.:
942 2616 982 2681 όν
1004 2640 1055 2692 τις
1078 2617 1262 2699 σεβασμίως
1284 2612 1377 2701 ἔχει)

209 2721 400 2804 αἰσχύνεται
423 2721 462 2784 δέ
483 2718 605 2807 (Sorba
628 2723 769 2806 αἰσχύνη
793 2718 857 2809 δέ),
880 2716 932 2805 ἐφ’
954 2712 1006 2798 οἷς
1028 2721 1163 2798 ἕκαστος
1181 2720 1379 2805 ἁμαρτάνων

209 2827 409 2910 αἰσχύνεται,
429 2826 473 2903 ὡς
491 2826 577 2911 μηδέ
588 2851 620 2892 τι
640 2824 761 2915 (δυνος
779 2829 823 2913 μὴ
842 2825 975 2915 δέοντα)
994 2827 1128 2914 πράξας.
1164 2825 1219 2893 καί
1238 2829 1379 2893 αἰδεῖται

209 2931 270 3017 μέν
288 2956 338 3009 τις
356 2934 416 2998 τὸν
433 2933 566 3019 πατέρα,
588 2935 779 3018 αἰσχύνεται
798 2932 838 2999 δέ
853 2959 904 3013 τις
922 2937 1171 3020 μεθυσκόμενος
1184 2932 1305 3022 (Sorba
1324 2959 1378 3020 με·

208 3035 420 3126 θύσκεσθαι).
458 3038 661 3105 διαστέλλων
682 3038 782 3127 (-λλει
804 3039 911 3130 Sorb.)
935 3039 973 3107 δὲ
995 3053 1094 3108 τοῦτο
1114 3039 1338 3127 Ἀριστόξενος
1360 3041 1378 3107 δ

209 3150 366 3230 μουσικός
394 3164 477 3231 φησι
506 3155 590 3229 γοῦν
614 3148 781 3234 διαφορὰν
804 3148 903 3230 ιη’νδε
930 3147 1105 3233 νομιστέον
1128 3149 1245 3225 αἰδοῦς
1266 3172 1300 3214 τε
1323 3147 1378 3214 καί

209 3254 378 3336 αἰσχύνης·
399 3252 450 3318 δτι
469 3252 489 3335 ἡ
509 3248 571 3336 μέν
590 3254 691 3328 αἰδὼς
708 3255 792 3339 πρὸς
809 3254 953 3339 ἡλικίαν,
971 3257 1055 3341 πρὸς
1073 3254 1205 3341 ιἰρετην,
1223 3257 1306 3340 πρὸς
1325 3255 1378 3340 ἐμ-

209 3362 329 3445 πορίαν
357 3355 545 3445 (ἐμπειρίαν
569 3356 691 3447 Sorb.),
722 3363 805 3446 πρὸς
833 3360 998 3440 εὐδοξίαν·
1028 3361 1046 3427 ὁ
1074 3363 1136 3448 γὰρ
1165 3361 1379 3447 ἐπιστάμενος

209 3467 377 3531 αἰδεῖσθαι
401 3468 483 3550 πρὸς
506 3465 645 3531 ἕκαστον
668 3464 780 3553 (στην
796 3464 989 3555 8011).),τῶν
1009 3466 1192 3554 εἰρημένων
1206 3470 1379 3555 ὑπεροχῶν

208 3570 423 3656 προσέρχεται
446 3572 532 3637 οὕτω
557 3574 776 3657 διακείμενος,
804 3573 845 3639 οὐ
874 3576 1013 3640 δύναται
1037 3571 1157 3662 (δουλοῖ
1182 3576 1224 3641 οὐ
1247 3576 1303 3640 διδ
1325 3573 1377 3662 τὸ)

209 3675 430 3762 ἡμαρτηκέναι
448 3703 491 3762 τι,
510 3680 593 3744 ἀλλὰ
607 3677 765 3763 σέβεσθαι
781 3678 835 3746 καί
855 3690 954 3766 τιμᾶν
973 3682 1030 3758 τδις
1048 3681 1288 3767 προειρημένας
1300 3683 1379 3747 ὑπε-
1454 3730 1458 3734 -

211 3783 318 3867 ροχύς.
350 3779 423 3865 ἡδὲ
442 3786 580 3867 αἰσχύνη
594 3796 728 3871 πρῶτον
745 3783 807 3871 μὲν
824 3790 907 3873 πρὸς
925 3787 1032 3851 πάντα
1052 3789 1247 3872 ἄνθρωπον·
1267 3790 1378 3853 ἔπειτα

210 3884 247 3952 δὲ
266 3886 334 3975 (ἐπὶ
350 3885 457 3976 Sorb.)
471 3903 541 3966 τοῖς
555 3891 783 3976 νομιζομένοις
797 3896 957 3978 αἰσχροῖς·
979 3895 1026 3969 εἰς
1039 3895 1077 3958 τδ
1092 3892 1243 3975 ἀναιδής·
1262 3892 1317 3958 καί
1331 3897 1379 3970 εἰς

208 3996 245 4059 τὸ
264 3997 370 4080 φόβος
393 3994 485 4082 (haeo
507 4001 669 4080 postrema
692 3998 807 4064 desunt
825 4000 860 4062 in
878 3996 993 4086 Sora).
1034 3998 1167 4063 Tzeizae
1186 4003 1218 4063 ei
1237 4001 1377 4065 auctoris

208 4101 428 4189 Etymologioi
462 4104 541 4188 quin
571 4105 655 4170 idem
686 4105 784 4169 fuerii
815 4106 902 4193 fons,
933 4127 1027 4170 nemo
1062 4105 1237 4171 dubitabit:
1269 4111 1378 4172 vetera

209 4208 330 4273 scholia
352 4207 513 4274 Hesiodea
540 4211 639 4277 fuisse
665 4211 751 4275 huno
778 4212 902 4277 fontem
928 4216 1055 4296 praeter
1083 4235 1240 4278 summam
1266 4215 1378 4279 verbo-

208 4337 280 4379 rum
303 4318 553 4399 conspiraniiam
576 4319 672 4382 fidem
694 4318 781 4403 facit,
805 4319 892 4402 quod
914 4318 1041 4383 aliunde
1065 4323 1191 4383 constat
1215 4324 1377 4385 auctorem

208 4420 427 4509 Etymologioi
449 4445 600 4508 persaepe
623 4447 662 4488 ex
675 4423 746 4488 ·hoo
768 4424 859 4489 fonde
881 4425 1035 4490 hausisse.
1058 4452 1061 4459 ’
1081 4424 1153 4510 Ipse
1176 4426 1261 4490 infra
1282 4426 1377 4513 pluro
1476 4472 1479 4475 -
