3366 5168
448 299 579 369 Didymei
598 300 635 353 ad
653 299 746 370 Opera
763 298 956 354 commentarii
973 299 1143 368 fragmenta.
1317 296 1381 360 145

209 459 244 537 ἐς
265 460 381 526 νέωτα·
404 460 425 544 ἢ
448 463 580 546 ἅπενος,
602 465 639 528 τὸ
663 462 707 547 μὴ
732 462 769 527 ἐν
790 466 899 550 πενίᾳ,
922 458 985 527 ἀλλ’
1009 460 1045 526 ἐν
1068 463 1243 547 περιουσίᾳ
1261 458 1382 545 χρημά-

208 591 282 633 των.
328 567 427 652 [οὕτω
449 571 609 654 Δίδυμος.
634 567 701 633 cod.
724 567 839 653 Paris]

853 672 936 741 οὐδέ
955 672 986 740 σ’
1007 675 1078 759 ὀίω,

255 780 368 848 §codd
392 783 507 867 ἄτιμος
531 782 604 868 ἐών,
627 784 750 868 ἄφενος
772 779 827 849 καὶ
850 788 995 849 πλοῦτον
1018 778 1165 864 ἀφύξειν.
1188 778 1233 867 (Α
1249 778 1335 867 171).

210 887 298 986 Quae
310 893 496 973 sequuntur,
507 888 657 954 ridentur
666 887 884 955 Choerobosci
894 910 963 954 esse
977 886 1031 975 (cf.
1042 885 1171 952 Orionis
1180 886 1382 972 Etymologi·

210 1017 283 1059 cum
296 1019 327 1080 p.
339 993 404 1081 21).
430 994 598 1061 Vocabulo
612 996 630 1062 ὁ
644 999 781 1080 ποιητής
795 1018 872 1061 usus
886 995 948 1060 hoc
961 994 1042 1080 loco,
1055 993 1090 1057 ni
1105 993 1209 1079 fallor,
1222 992 1382 1078 Didymus

209 1105 346 1187 poetam,
370 1124 465 1186 quem
483 1106 611 1186 tractat,
629 1101 807 1167 Hesiodum
826 1102 913 1188 dicit,
931 1101 1002 1186 etsi,
1026 1121 1107 1185 quae
1130 1099 1263 1186 profert,
1286 1100 1382 1164 etiam

139 1284 157 1300 ,
209 1209 369 1292 quadrant
391 1209 426 1273 in
448 1208 637 1296 Homerum,
660 1210 697 1273 de
721 1231 785 1293 quo
809 1209 862 1294 agi
884 1208 1066 1292 suspicatus
1090 1207 1133 1271 sit
1157 1196 1235 1291 quis*
1251 1211 1383 1291 propter

210 1313 370 1380 Orionem
398 1313 450 1379 Ab
470 1315 621 1393 ἐνιαυτός
640 1316 732 1380 duxit
752 1316 907 1400 originem
927 1314 1015 1380 uocis
1033 1316 1155 1397 ἄφενος
1178 1314 1275 1378 etiam
1294 1312 1384 1378 scho-

209 1421 306 1486 liasta
316 1422 355 1486 ad
365 1428 397 1487 A
411 1423 483 1487 171.
509 1419 663 1486 Conferas
677 1420 720 1486 M.
732 1420 946 1486 Schmidtium
960 1421 1119 1506 p.401.-
1130 1418 1215 1484 Illud
1225 1418 1383 1485 scholium

211 1529 250 1592 ad
264 1551 292 1593 u.
303 1528 347 1592 30
361 1551 378 1593 e
395 1527 517 1593 scholio
532 1526 748 1594 Choerobosci
761 1552 792 1613 p.
803 1527 886 1614 57,2
900 1528 1047 1613 petitum,
1062 1526 1148 1612 quod
1162 1548 1260 1612 supra
1273 1550 1302 1612 p.
1319 1525 1384 1591 123

211 1634 464 1700 abiudicavimus
477 1633 676 1720 Aristarcho,
693 1635 729 1699 in
746 1633 904 1718 Didymeo
923 1634 1150 1699 commentario
1173 1633 1282 1718 potuit
1301 1654 1383 1698 esse:

210 1747 364 1820 ψιλοῦιαι
383 1738 420 1806 δὲ
438 1744 476 1808 τὸ
496 1743 580 1827 ὤρη,
598 1752 663 1807 νῦν
684 1743 745 1827 γὰρ
768 1742 830 1825 τὴν
853 1742 1015 1827 φροντίδα
1033 1744 1198 1825 σημαίνει·
1223 1740 1307 1806 ὅθεν
1329 1738 1384 1805 καὶ

158 1871 159 1874 ’
212 1849 367 1936 ὀλιγωρία
395 1846 449 1914 καὶ
472 1851 640 1931 πολυυρία
668 1847 723 1914 καὶ
745 1857 905 1935 πολυωρῶ
932 1845 987 1913 καί
1011 1848 1175 1933 πυλωρός,
1198 1847 1216 1913 ὁ
1239 1848 1301 1931 τὴν
1323 1856 1384 1912 τοῦ

211 1956 394 2038 φυλάσσειν
413 1957 495 2041 ἔχων
513 1954 676 2034 ἐξουσίαν.
713 1955 785 2020 Ηοο
797 1956 1013 2041 fragmentum
1028 1977 1045 2019 e
1060 1953 1191 2019 scholiis
1204 1952 1384 2018 veterrimis

210 2062 244 2125 in
269 2061 485 2127 Ohoerobosci
513 2063 778 2127 commentarium
800 2061 924 2127 uenisse
952 2062 990 2125 fit
1017 2060 1197 2146 probabile,
1220 2081 1292 2125 cum
1318 2059 1384 2125 illis

211 2169 411 2252 temporibus
427 2169 545 2235 similia
559 2170 724 2254 disputata
738 2192 807 2234 esse
822 2169 959 2234 sciamus
975 2191 1014 2233 ex
1027 2167 1293 2255 interpretatione
1301 2167 1384 2253 Epa·

210 2275 354 2358 phroditi
368 2277 408 2341 ad
422 2302 444 2362 μ
460 2278 501 2341 89
517 2300 555 2342 ex
569 2276 677 2361 Etym.
687 2276 807 2361 Magno
822 2300 852 2360 p.
864 2277 938 2359 117,
954 2276 996 2340 10
1010 2280 1042 2340 et
1055 2274 1206 2340 Eustath.
1222 2275 1262 2340 ad
1271 2273 1384 2359 Odyss.

214 2381 370 2467 1715,25.
400 2381 440 2446 In
463 2384 585 2448 scholia
603 2387 709 2448 eutem
729 2383 901 2448 veterrima
919 2382 1052 2466 patebat
1074 2382 1280 2465 potissimum
1298 2382 1385 2446 viae

211 2487 342 2572 Didymi
361 2490 607 2554 commentariis.
624 2528 665 2536 -
685 2487 738 2552 Ad
755 2512 783 2555 v.
803 2489 843 2553 41
865 2492 972 2555 totum
990 2485 1208 2553 Ohoerobosci
1228 2487 1382 2552 scholium

211 2616 240 2679 p.
257 2594 309 2680 64,
326 2595 366 2659 16
386 2617 403 2658 e
421 2594 562 2679 Didymo
581 2595 685 2681 fluxit,
707 2595 741 2658 id
759 2595 845 2678 quod
863 2595 960 2660 etiam
973 2593 1136 2659 Usenerus
1155 2592 1216 2658 Hh,
1230 2592 1273 2657 M.
1290 2591 1385 2658 XXII

211 2724 241 2786 p.
260 2699 324 2765 591
349 2706 434 2766 recte
456 2702 628 2786 perspexit.
673 2700 783 2766 Verba
804 2702 888 2765 fiunt
911 2702 949 2766 de
973 2700 1146 2785 asphodelo
1170 2704 1202 2765 et
1220 2701 1334 2786 malva,
1353 2705 1385 2766 et

212 2807 390 2872 afferuntur
413 2806 594 2892 aDidymo
617 2830 705 2872 more
731 2808 799 2872 eius
822 2808 919 2872 etiam
946 2806 1123 2872 sententiae
1151 2807 1302 2894 aliorum,
1328 2808 1385 2871 im-

211 2914 326 2998 primis
354 2913 524 2999 Hermippi
553 2913 772 2998 Oallimachei,
800 2915 833 2979 id
861 2915 947 2998 quod
969 2914 1176 2979 manifestum
1199 2914 1238 2977 fit
1260 2935 1385 2998 eompa-

211 3025 282 3086 rato
319 3022 390 3086 loco
427 3022 512 3106 apud
540 3021 743 3087 Athenaeum
765 3020 852 3105 Hp.
875 3020 955 3105 σοι,
987 3024 1057 3085 tum
1090 3020 1263 3106 Herodoti,
1294 3020 1384 3085 cuius

211 3150 329 3193 nomen
361 3132 399 3192 ut
432 3129 618 3213 saepissime
646 3130 680 3193 in
705 3126 887 3213 Ἡρόδοτος
918 3131 1106 3212 corruptum
1138 3133 1201 3214 est,
1234 3150 1272 3193 ex
1299 3127 1385 3193 libro

212 3236 269 3318 qui
297 3239 365 3300 erat
395 3235 433 3300 de
461 3236 612 3322 Hercule,
634 3240 834 3320 postremum
857 3234 1003 3300 Platonis
1031 3232 1082 3322 (ἐν
1101 3231 1135 3317 γ’
1153 3247 1220 3301 τῶν
1242 3232 1385 3321 νδμυν);

213 3363 295 3425 quos
326 3341 398 3405 aliis
431 3364 559 3427 quoque
590 3343 670 3407 locis
702 3342 743 3406 ab
776 3364 813 3407 eo
840 3341 988 3407 laudatos
1016 3340 1237 3428 invenimus1)
1261 3378 1304 3388 -
1332 3338 1385 3406 Se

213 3447 324 3532 quitur
350 3448 455 3532 locus,
483 3450 521 3513 de
551 3471 614 3533 quo
643 3450 780 3514 fortasse
808 3471 881 3514 cum
907 3448 1057 3513 nonnihil
1079 3448 1291 3534 dubitaveris,
1317 3470 1385 3533 per-

211 3555 304 3619 lectis
337 3554 500 3640 omnibus,
533 3577 613 3638 quae
641 3578 713 3619 sum
736 3555 973 3642 disputaturus,
1004 3556 1162 3640 imprimis
1190 3555 1287 3621 huius
1309 3555 1384 3620 diss.

212 3659 260 3725 IV
284 3660 318 3746 3,
346 3682 440 3745 spero
467 3665 501 3725 te
528 3661 751 3746 amplexurum
774 3662 966 3726 sententiam
989 3684 1100 3726 meam.
1146 3661 1208 3726 Est
1231 3662 1271 3727 ad
1289 3684 1318 3727 v.
1332 3662 1385 3745 48,

213 3767 253 3831 ad
281 3788 376 3849 quem
403 3766 482 3832 haec
508 3767 664 3833 habemus
692 3767 847 3833 aProelo
870 3767 990 3831 tradita
1012 3790 1043 3850 p.
1059 3766 1111 3852 76,
1128 3764 1185 3831 57:
1218 3768 1249 3832 εί
1270 3763 1308 3832 δὲ
1331 3766 1385 3849 ἆγ-

212 3876 399 3958 αυλομήιης
431 3875 448 3940 ὁ
482 3875 696 3961 Προμηθεύς,
737 3874 824 3939 οὕτω
857 3873 919 3957 γὰρ
952 3872 1094 3956 γράφειν
1127 3872 1180 3936 δεί
1209 3872 1299 3937 καθὰ
1329 3868 1385 3936 καὶ

214 3982 440 4066 Πλούταρχος,
467 3983 613 4066 Κρόνιος
640 3984 691 4058 τίς
719 3980 788 4046 ἐστι
814 3976 870 4044 καὶ
897 3990 1021 4064 νοερῶς
1049 3975 1169 4044 ἑαυτὸν
1196 3988 1299 4043 νοῶν
1329 3974 1385 4042 καὶ

214 4085 362 4169 ἀγκύλως
390 4088 437 4164 είς
467 4084 587 4152 ἑαυτὸν
610 4084 881 4172 ἐπεστραμμένος.
927 4088 958 4150 εί
984 4081 1021 4149 δὲ
1048 4081 1104 4150 καὶ
1126 4081 1384 4171 ποικιλδμηιιςῆ

303 4247 329 4314 1)
348 4244 480 4299 Conferae
494 4244 532 4298 M.
543 4244 730 4298 Schmidtium
744 4242 876 4312 „Didymi
886 4242 979 4298 Chalc.
991 4245 1062 4297 etc.“
1072 4261 1098 4313 p.
1110 4247 1170 4311 358,
1180 4248 1243 4311 864,
1252 4246 1313 4310 872,
1323 4246 1383 4296 878.

302 4335 329 4402 2)
347 4333 427 4387 Libri
446 4333 580 4388 exhibent
597 4331 807 4402 ποιαιλομήτης,
830 4332 880 4386 sed
898 4332 1055 4387 consenties
1069 4347 1178 4386 meeum
1194 4327 1386 4401 ποιαιίδμιητις

214 4420 362 4490 scribente,
381 4422 405 4476 si
423 4421 577 4493 perlegeris
595 4421 821 4493 explicationem,
839 4438 926 4489 quam
940 4421 1020 4476 dedit
1032 4421 1180 4490 utriusque
1191 4418 1322 4475 vocabuli
1335 4419 1384 4490 ἀγ-

267 4520 577 4575 Dimitrljev16‚rtudia
589 4521 712 4562 nouenos.
1094 4496 1097 4501 ’
1138 4515 1172 4565 10
