3390 5178
467 340 508 394 De
527 340 649 410 Operum
667 340 794 394 versibus
814 340 849 394 ab
870 340 994 409 antiquis
1012 341 1144 397 laudatis.
1333 344 1396 410 199

219 526 280 588 pro
300 501 329 569 δ’
353 506 455 570 ἔδωκε
474 508 523 568 est
541 526 631 568 error
648 501 862 591 perspicuus).
881 541 926 550 —-
944 503 1012 568 Nee
1029 526 1096 569 non
1109 503 1211 571 Orion
1229 506 1265 571 in
1282 530 1311 573 v.
1331 507 1395 573 283

220 633 291 676 eum
326 609 356 675 A
383 611 435 675 vel
466 610 576 694 potius
608 633 680 675 cum
709 609 734 676 0
764 607 927 697 (mcentus
960 633 1102 677 errorem
1132 610 1284 701 neglego)
1316 614 1397 700 legit
1423 664 1428 674 .

220 718 344 803 decipi,
363 716 498 794 ἄασθώς
511 716 587 781 libri
601 716 631 781 D
645 721 694 781 est
713 721 912 802 corruptum,
926 739 1030 802 neque
1048 718 1143 782 licere
1158 740 1230 783 cum
1244 718 1395 787 Kinkelio

218 824 366 890 lectionis
379 824 568 889 varietatem
586 824 661 889 inde
675 824 832 908 expiscari
847 823 971 909 optime
991 825 1100 889 docuit
1114 825 1274 891 Rzachius
1288 825 1395 892 Wien.

220 931 308 997 Stud.
323 930 353 995 X
367 954 397 1015 p.
408 931 482 1017 268,
498 930 606 1016 Symb.
621 930 713 1016 Prag.
728 953 758 1015 p.
771 932 843 997 178.
862 968 899 977 -
916 931 1039 996 Versus
1053 930 1118 998 285
1129 954 1198 1017 sqq.
1213 932 1248 996 in
1263 932 1395 998 Stobaei

217 1037 391 1122 Florilegio
405 1036 540 1123 XXVII,
561 1038 603 1102 14
622 1035 674 1126 (cf.
693 1037 812 1102 ibidem
825 1036 999 1126 Hensium)
1019 1043 1095 1103 sunt
1113 1039 1319 1124 interpolati,
1337 1040 1396 1103 ita-

218 1167 280 1229 que
306 1166 373 1210 non
404 1166 481 1209 euro
509 1145 745 1229 testimonium
774 1167 878 1228 neque
907 1144 1082 1229 quidquam
1109 1145 1185 1211 novi
1213 1146 1335 1212 accedit
1356 1170 1395 1212 ex

218 1249 347 1316 Orionis
370 1252 474 1335 capite
492 1250 568 1338 περὶ
588 1252 755 1336 εὐσεβείας
772 1250 822 1316 ΠΙ
840 1251 862 1314 4
880 1249 925 1339 (p.
945 1250 1010 1316 253
1030 1250 1151 1339 Mein),
1170 1275 1242 1327 eum
1261 1276 1394 1338 prorsus

217 1359 301 1423 idem
315 1359 359 1423 sit
373 1362 483 1423 textus
497 1361 594 1442 atque
607 1358 643 1422 in
656 1356 686 1422 A
701 1355 727 1422 O
741 1357 771 1420 D
786 1358 880 1422 Mass.
909 1357 1000 1434 Quod
1018 1359 1054 1422 in
1068 1358 1200 1424 scholiis
1218 1360 1394 1424 Platonicis

218 1465 257 1528 ad
279 1463 450 1549 Rempubl.
474 1487 504 1548 p.
524 1464 620 1529 8628
644 1461 688 1551 (p.
708 1465 772 1529 398
791 1463 907 1551 Bekk.)
937 1487 1049 1529 versus
1077 1466 1144 1530 285
1172 1469 1222 1530 est
1244 1467 1394 1532 laudatus

216 1594 283 1637 non
305 1576 342 1636 ut
365 1571 558 1654 Hesiodeus,
587 1572 642 1635 sed
673 1571 706 1650 ἐξ
725 1569 910 1658 Ἡροδότου
935 1570 991 1659 (sc.
1009 1570 1057 1636 VI
1076 1570 1134 1659 86)
1163 1572 1227 1638 ἀπὸ
1256 1583 1315 1638 τοῦ
1339 1575 1394 1639 do-

216 1677 337 1755 adesos
359 1687 508 1765 χρησμοῦ
531 1679 671 1765 Γλαύκῳ
690 1687 735 1765 τῷ
754 1678 898 1764 Λάκωνι,
922 1683 1094 1763 eodemque
1116 1680 1330 1745 modoetiam
1353 1680 1394 1745 ab

217 1784 388 1869 Apostolio
402 1783 436 1848 Π
451 1784 525 1849 848
538 1783 595 1871 (=
610 1782 740 1849 Arsenii
753 1782 802 1848 III
818 1784 869 1849 75.
887 1784 1029 1849 Paroem.
1040 1783 1113 1873 gn),
1125 1808 1330 1870 nequaquam
1344 1791 1394 1851 est

218 1891 291 1956 inde
310 1891 525 1977 colligendum
543 1890 577 1955 in
597 1890 734 1975 quadam
752 1891 936 1955 recensione
958 1913 1024 1956 non
1042 1892 1142 1956 fuisse
1159 1892 1246 1957 hunc
1265 1915 1394 1958 versum

218 1998 302 2062 inter
324 1996 518 2082 Hesiodeos3
541 1995 785 2061 Choeroboscus
809 2001 894 2060 certe
917 2018 1046 2061 versum
1068 1997 1157 2083 legit.
1178 1997 1300 2065 Scholii
1322 2001 1391 2065 cius

215 2104 351 2190 vestigia
378 2107 455 2172 sunt
478 2103 563 2187 apud
590 2103 748 2169 Zonaram
770 2127 800 2188 p.
821 2103 884 2167 001
906 2126 929 2168 s.
954 2126 983 2169 v.
1003 2104 1144 2191 εὐόρκου
1172 2109 1205 2169 ct
1228 2102 1360 2170 Suidam
1378 2104 1394 2169 I

214 2234 244 2294 p.
266 2211 329 2277 827
345 2210 380 2275 Β.
401 2233 425 2276 ε.
445 2233 473 2276 v.
494 2209 643 2295 εὐόρκου,

303 2315 444 2382 Versum
467 2318 531 2382 287
543 2339 612 2401 sqq.
636 2318 757 2383 nemini
780 2317 859 2381 olim
885 2338 952 2382 non
978 2322 1132 2383 notorum
1154 2319 1286 2403 plurimi
1308 2341 1393 2383 men·

215 2425 336 2489 tionem
366 2425 482 2509 feeere3
509 2447 526 2488 e
550 2423 668 2507 quibus
699 2446 753 2488 cos
785 2446 990 2509 quaeremus,
1014 2447 1095 2509 quos
1119 2425 1228 2509 aliqua
1250 2430 1299 2490 est
1321 2448 1392 2509 pro-

215 2530 368 2595 babilibus
392 2531 536 2615 inspecto
560 2530 645 2594 libro
669 2552 780 2594 versus
797 2530 985 2595 laudavisse.
1031 2530 1103 2595 Hoc
1125 2531 1284 2616 imprimis
1308 2532 1393 2596 cadit

216 2639 251 2701 in
268 2636 527 2723 Xenophontem,
550 2637 606 2720 qui
624 2637 658 2699 in
676 2635 851 2700 Memorab.
870 2635 903 2699 ΙΙ
924 2636 941 2699 1
962 2633 1025 2723 (111
1044 2659 1073 2719 p.
1089 2636 1130 2699 31
1151 2638 1224 2701 edit.
1245 2634 1393 2725 Sauppii)

215 2767 269 2808 sex
292 2765 404 2808 versus
436 2743 594 2827 laudavit,
624 2764 719 2826 quem
750 2742 857 2806 locum
887 2742 944 2826 qui
977 2743 1149 2827 exscripsit
1172 2741 1330 2809 Stobaeus
1354 2746 1389 2809 in

215 2851 318 2935 capite
340 2848 416 2937 περὶ
444 2849 561 2937 ἀρετῆς
582 2848 683 2914 1205
703 2846 746 2936 (p.
768 2850 832 2914 163
850 2845 989 2937 Hense),
1017 2849 1138 2933 optimc
1165 2852 1304 2916 munivit
1331 2852 1391 2916 lec·

214 2959 319 3022 tiones
342 2957 377 3022 in
399 2957 493 3022 libris
516 2956 761 3040 Xenophonteis
790 2955 935 3020 traditas.
980 2955 1081 3021 Porro
1108 2956 1301 3022 Plutarchus
1323 2958 1391 3023 ubi-

215 3087 276 3149 que
304 3063 571 3149 diligentissimus
598 3061 751 3127 Hesiodei
774 3066 883 3126 textus
911 3067 1023 3128 auctor
1050 3063 1195 3128 laudavit
1219 3087 1246 3128 v.
1271 3066 1334 3131 287
1359 3069 1392 3129 et

214 3173 278 3237 289
302 3193 494 3255 versumque
512 3171 577 3235 288
597 3169 757 3234 circumiit
780 3170 818 3234 de
837 3169 906 3234 aud.
925 3174 1010 3253 poet.
1030 3193 1059 3253 p.
1080 3170 1149 3234 24f
1169 3169 1185 3233 I
1204 3170 1247 3235 59
1257 3170 1294 3257 B,
1313 3171 1389 3235 ibid.

212 3301 243 3361 p.
263 3278 341 3342 248
364 3275 441 3343 158
456 3277 507 3363 B.,
530 3278 567 3341 de
595 3277 677 3361 prof.
700 3275 736 3340 in
757 3277 831 3341 virt.
850 3300 880 3360 p.
902 3277 979 3342 778
1001 3275 1017 3340 Ι
1038 3277 1100 3341 187
1115 3276 1152 3341 B.
1198 3276 1312 3361 Neque
1334 3278 1391 3341 mi-

213 3385 302 3447 noris
325 3384 407 3448 facio
431 3383 601 3448 Platonem
623 3382 758 3447 Hesiodi
786 3388 964 3469 auctorem,
993 3383 1048 3468 qui
1076 3406 1189 3448 versus
1212 3384 1389 3449 287-289

213 3489 357 3554 laudavit
385 3490 420 3553 in
448 3489 585 3573 Republ.
608 3487 641 3552 Π
659 3512 689 3572 p.
710 3488 776 3552 364
786 3511 812 3576 e,
839 3511 951 3554 versus
980 3490 1157 3555 289-202
1186 3490 1221 3555 in
1247 3491 1389 3576 Legibus

213 3594 260 3661 IV
278 3618 308 3679 p.
329 3596 392 3661 718
403 3618 434 3680 e3
457 3617 567 3660 omnes
586 3595 621 3659 in
638 3594 818 3680 Protagora
836 3619 866 3679 p.
886 3595 982 3659 3408
1000 3595 1212 3661 adumbravit.
1243 3596 1389 3663 Clemens

213 3701 460 3787 Alexandrinus,
482 3703 573 3766 cuius
596 3723 748 3765 versuum
767 3702 943 3767 290-292
963 3703 1186 3766 testimonium
1205 3702 1322 3766 Strom.
1341 3702 1390 3768 IV

213 3832 243 3893 p.
267 3807 377 3873 565Ρ
400 3806 447 3896 (II
465 3809 541 3893 317,
570 3806 611 3871 15
634 3806 745 3895 Dind.)
780 3829 847 3872 non
884 3807 945 3871 erit
976 3807 1225 3893 neglegendum,
1257 3808 1292 3871 in
1322 3808 1389 3873 lau-

214 3915 317 3979 dando
331 3938 427 3981 versu
446 3916 510 3980 286
527 3912 693 4002 (Stromat.
708 3912 740 3978 V
753 3937 783 3997 p.
799 3913 914 4000 654Ρ;
931 3911 989 3994 III,
1006 3913 1056 4000 14,
1073 3914 1114 3977 10
1128 3912 1237 4002 Dind.)
1252 3915 1389 3981 nimium

212 4022 384 4087 memoriae
412 4022 550 4087 confisus
580 4020 710 4086 solitam
733 4020 935 4105 diligentiam
962 4019 1110 4104 deposuit
1140 4021 1259 4086 omisso
1291 4022 1387 4086 etiam

212 4151 289 4194 nom
309 4129 489 4215 inepoetae3
511 4128 596 4193 hunc
615 4128 716 4213 igitur
734 4128 841 4192 locum
859 4132 1033 4211 praetereo.
1079 4127 1241 4192 Maximus
1260 4127 1388 4213 Tyrius,

214 4238 270 4320 qui
301 4239 339 4300 ut
372 4236 468 4321 solet,
498 4235 651 4299 describit
683 4256 795 4299 versus
825 4234 1002 4300 Hesiodeos
1033 4235 1165 4318 suisque
1194 4235 1302 4299 verbis
1330 4236 1388 4298 im-

213 4343 343 4408 miscuit
361 4344 396 4407 in
414 4343 489 4408 diss.
509 4342 586 4407 XXI
607 4343 624 4406 7
646 4342 692 4406 ed.
711 4340 864 4429 Diibner,
883 4343 1046 4427 conspirat
1065 4342 1185 4426 ubique
1203 4362 1276 4405 cum
1293 4340 1386 4405 libris

214 4447 392 4536 Hesiodeis,
416 4449 586 4515 dummodo
605 4449 710 4533 prima
728 4448 835 4535 verba,
858 4472 939 4534 quae
956 4448 1075 4514 iniuria
1093 4449 1133 4513 ab
1153 4447 1330 4513 editoribus
1352 4448 1387 4511 in
