3366 5168
600 339 713 396 Scholia
727 340 837 396 Veteris
854 339 1025 409 interpretis.
1355 340 1398 404 85

227 510 307 570 ἴτον.
333 541 371 551 -
396 503 432 568 P.
453 503 658 588 152,1-16
683 503 722 567 ad
744 526 772 566 v.
794 502 855 567 197
878 502 1031 586 leguntur
1054 500 1139 584 apud
1162 501 1310 566 Tzetzam
1331 524 1399 567 non
1538 522 1545 533 ·

225 631 327 695 pauoa
354 609 519 675 simillima
546 610 606 695 eis,
634 631 715 693 quae
742 613 853 673 auctor
879 608 987 692 Etym.
1011 606 1123 691 Magni
1145 630 1174 691 p.
1194 608 1269 694 623,
1290 606 1342 696 71)
1365 613 1398 673 51

225 715 419 781 musianus
443 717 483 780 aa
500 714 632 780 manem
645 713 662 779 1
676 715 729 801 24,
743 714 874 780 34-48
893 711 1036 801 stema)
1055 713 1093 777 a
1111 714 1222 796 eoam
1239 716 1396 781 vocabulo
1489 697 1494 706 '

227 822 388 888 exhibent.
434 822 577 899 Quorum
595 824 730 905 uterque
748 843 820 885 oum
838 821 873 884 in
890 820 1024 904 reliquis
1043 820 1188 884 fontibus
1204 841 1271 885 non
1289 822 1396 885 omnia

225 951 282 993 sna
300 929 447 994 videatur
464 928 608 994 invenire
625 929 780 1015 potuisse,
802 930 902 992 immo
920 929 1038 1014 potuit,
1058 932 1096 992 ut
1114 927 1207 991 dooet
1221 927 1345 1021 Tretos,
1363 929 1397 992 in

225 1035 356 1099 scholiis
365 1034 534 1100 Hesiodeis
548 1035 666 1100 veteris
680 1034 874 1121 interpretis,
888 1055 947 1118 ego
958 1034 1038 1098 haee
1047 1034 1155 1098 omnia
1162 1034 1292 1099 restitui
1301 1034 1396 1099 iubeo

224 1140 342 1207 Veteri.
375 1140 427 1206 Ad
440 1141 575 1206 eundem
594 1138 1397 1227 5551555551(15515551555515Ρ.155,6-156,10

224 1249 321 1313 etiam
342 1270 444 1332 pauoa
465 1248 523 1312 1115
546 1248 763 1333 grammatica,
786 1270 867 1332 quae
890 1252 964 1312 ante
987 1247 1115 1332 signum
1138 1249 1246 1323 ἄλλως
1264 1246 1302 1310 de
1319 1269 1396 1312 vooe

224 1354 318 1421 ἐλεόν
350 1355 530 1420 traduntur.
584 1353 624 1418 15
650 1357 815 1438 postrema
842 1354 940 1420 verba
966 1353 1130 1419 invehitur
1157 1351 1273 1417 Taetza
1299 1357 1336 1417 ut
1362 1354 1397 1418 in

129 1502 134 1514 .
223 1459 373 1526 Proelum
400 1460 677 1527 vehementissime
699 1483 730 1544 p.
756 1459 833 1546 157,
859 1460 886 1525 7.
936 1458 1025 1525 Idem
1051 1460 1149 1544 paulo
1175 1463 1251 1543 post
1280 1461 1397 1525 veteris

223 1567 409 1651 interpretis
438 1567 577 1632 servavit
603 1566 782 1631 doctrinam
810 1567 846 1631 in
872 1566 995 1631 scholio
1023 1566 1063 1631 ad
1090 1588 1117 1631 v.
1142 1565 1208 1629 212
1236 1566 1396 1650 adscripto

223 1697 255 1758 p.
276 1672 349 1759 159,
370 1672 584 1758 16-19,51)1
603 1672 777 1758 simillima,
799 1672 855 1737 sed
873 1672 1018 1756 pleniora
1040 1671 1139 1735 habet
1157 1674 1269 1735 auotor
1286 1667 1395 1756 Etym.

223 1778 335 1865 Magni
358 1802 388 1863 p.
407 1779 482 1865 467,
500 1777 554 1864 55,
575 1780 631 1862 qui
654 1779 822 1863 exscripsit
840 1778 948 1865 etiam,
970 1777 1056 1861 quod
1075 1777 1220 1860 sequitur
1239 1776 1397 1842 scholium

224 1906 253 1969 p.
275 1885 354 1971 160,
373 1884 458 1948 2-7
487 1884 528 1948 ad
549 1907 578 1950 v.
598 1885 663 1949 213
685 1907 716 1968 p.
735 1883 827 1969 43,5
851 1880 1069 1970 (5155155),
1099 1903 1162 1968 quo
1189 1882 1260 1947 looo
1289 1882 1323 1947 in
1346 1905 1395 1948 oo-

223 1991 293 2055 dioe
315 1989 475 2055 Vossiano
498 1992 549 2055 vel
572 1992 701 2076 signum
725 1990 840 2055 scholii
862 1990 980 2054 retinet
1020 2039 1027 2054 .

312 2095 484 2181 Anonymo
504 2096 646 2161 addenda
665 2100 741 2161 sunt
759 2096 866 2182 etiam,
884 2117 964 2180 quae
977 2118 1007 2179 p.
1024 2096 1218 2182 168,1-11
1235 2095 1274 2159 de
1291 2096 1396 2160 forma

222 2203 363 2269 ἀνθεῦσι
387 2207 592 2287 exponuntur
615 2204 897 2289 grammaticorum
919 2223 1016 2267 more.
1070 2200 1159 2266 Idem
1187 2202 1283 2286 paulo
1310 2203 1395 2267 infra

222 2310 260 2374 de
287 2330 364 2375 vooe
392 2310 555 2393 ἀργάλεον
583 2309 681 2375 verba
707 2310 798 2396 feeit,
825 2331 907 2394 quae
934 2312 1043 2373 tamen
1065 2312 1098 2373 et
1120 2308 1338 2373 emendatiora
1361 2312 1394 2373 et

221 2416 366 2500 pleniora
389 2420 657 2482 conservaverunt
679 2416 907 2501 Etymologioa
931 2413 1099 2503 (Magnum
1116 2437 1147 2498 p.
1168 2413 1242 2500 135,
1262 2413 1394 2500 17,(15-

223 2522 352 2586 dianum
374 2545 404 2606 p.
426 2523 477 2607 72,
495 2520 590 2609 38).)

311 2626 464 2712 Sequitur
491 2629 550 2692 sub
579 2630 686 2705 ἄλλως
713 2628 871 2693 scholium
897 2650 929 2712 p.
950 2628 1027 2711 170,
1053 2626 1170 2694 8-17.
1216 2624 1393 2692 Postremis

222 2738 298 2799 5551
320 2735 378 2799 1115
396 2735 434 2799 de
452 2734 550 2800 verbo
569 2738 756 2800 νείσσονται
775 2734 926 2820 addenda,
944 2755 1025 2818 quae
1043 2754 1128 2797 nune
1147 2732 1231 2817 apud
1249 2732 1394 2799 Moscho-

220 2841 334 2925 pulum
355 2841 508 2927 leguntur
529 2864 560 2925 p.
582 2842 660 2928 171,
677 2841 729 2905 30.
774 2840 942 2905 Txetziana
964 2863 994 2924 p.
1015 2839 1093 2926 177,
1112 2838 1198 2902 3-6
1221 2839 1328 2903 neseio
1352 2862 1394 2905 an
1464 2844 1468 2851 ’

221 2969 285 3012 555
314 2947 378 3013 huo
404 2947 578 3031 pertineat:
605 2948 713 3032 potuit
741 2947 868 3031 quidem
896 2947 934 3010 de
957 2967 1016 3010 suo
1040 2945 1122 3009 dare.
1168 2942 1289 3010 Contra
1312 2968 1394 3030 quae

220 3076 250 3137 p.
263 3053 659 3140 178,30-179,21]51)51,
674 3057 760 3118 oerto
775 3057 851 3118 sunt
865 3052 968 3117 danda
981 3051 1082 3116 veteri
1095 3052 1272 3135 interpreti.
1305 3050 1393 3117 Idem

222 3158 337 3225 Tzetza
360 3160 500 3226 servavit
523 3161 621 3225 etiam
643 3161 682 3225 de
704 3160 861 3225 vocabulo
884 3162 958 3236 ὅπις
977 3159 1236 3245 disputationem,
1259 3181 1340 3243 quae
1358 3160 1393 3224 in

220 3266 385 3331 nonnullis
414 3289 487 3332 oum
509 3266 736 3332 Eustathianis
764 3267 804 3331 ad
826 3264 916 3330 Iliad.
939 3287 969 3350 p.
989 3264 1063 3352 938,
1081 3265 1135 3350 413
1159 3265 1329 3352 1272,19;
1353 3266 1393 3330 ad

220 3371 332 3456 Odyss.
355 3396 385 3458 p.
407 3373 502 3458 1528,
520 3371 577 3458 50,
603 3373 758 3460 1760,11
783 3371 941 3457 congruit.
1128 3389 1130 3394 ’

309 3478 441 3563 Excipit
460 3479 619 3543 seholium
637 3479 698 3544 sub
717 3480 825 3555 ἄλλως
842 3477 881 3541 65
899 3477 966 3542 filio
986 3475 1120 3543 Hesiodi
1138 3500 1168 3561 p.
1185 3478 1257 3561 188,
1274 3478 1390 3543 7-13,
1430 3468 1434 3475 ’

222 3583 330 3667 Atque
362 3583 479 3649 iterum
509 3585 689 3668 iterumque
721 3583 801 3648 mihi
833 3583 998 3668 reputanti
1024 3583 1165 3666 suspicio
1189 3584 1305 3670 oritur,
1329 3607 1392 3669 qua

219 3710 363 3767 moveor,
390 3695 428 3754 ut
455 3690 580 3755 oredam
606 3691 683 3756 haee
712 3690 819 3754 omnia
842 3711 859 3753 5
881 3688 1046 3753 Plutarchi
1069 3691 1311 3776 commentario,
1334 3692 1391 3757 ubi

221 3794 341 3879 optime
369 3817 403 3859 se
428 3795 596 3880 haberent,
622 3797 658 3861 in
684 3795 812 3861 Proeli
839 3793 962 3859 soholia
987 3794 1121 3859 venisse.
1167 3794 1255 3859 Haeo
1278 3796 1392 3862 Tzetza

220 3900 390 3986 diligenter
417 3901 588 3985 exscripsit
610 3925 640 3987 p.
662 3902 733 3966 189.
789 3899 876 3976 Quae
898 3903 1006 3963 tamen
1033 3898 1263 3983 Mosohopulus
1289 3902 1390 3967 tradit

219 4031 249 4092 p.
271 4007 419 4090 189,11,
442 4029 479 4071 ea
506 4008 574 4072 sine
601 4007 698 4071 dubio
727 4010 803 4071 sunt
829 4005 947 4069 veteris
974 4005 1184 4091 grammatici.
1236 4006 1390 4071 Eiusdem

218 4134 285 4178 non
311 4112 418 4178 minus
446 4116 531 4178 oerte
559 4116 649 4199 sunt,
679 4134 769 4197 quae,
791 4134 863 4178 oum
886 4110 971 4177 absit
994 4113 1110 4199 ἄλλως,
1131 4116 1169 4178 51
1190 4111 1297 4178 Prooli
1326 4135 1389 4178 ser·

309 4274 335 4342 1)
355 4270 395 4327 cf.
415 4269 523 4327 aoholia
540 4270 577 4323 ad
594 4269 686 4339 Apoll.
705 4269 795 4324 Rhod.
816 4274 904 4324 loeo.

310 4364 337 4431 2)
356 4360 397 4417 Of.
416 4358 524 4416 soholia
543 4358 580 4412 ad
593 4363 615 4413 A
630 4363 671 4414 18.

309 4450 337 4518 3)
355 4447 394 4504 ef.
415 4448 502 4504 etiam
519 4445 701 4501 Eustathium
719 4445 757 4501 ad
774 4445 900 4516 Iliad-p.
917 4451 995 4516 1329,
1010 4452 1052 4501 36.
