3366 5168
289 281 353 346 120
536 275 578 328 De
595 268 752 327 Aristarchi
770 268 801 324 in
817 266 971 323 Hesiodum
990 262 1203 321 commentariis.

288 443 394 518 οὑτως
425 436 524 526 εὑρον
556 437 592 504 ἐν
621 429 906 519 ὑπομνήματά)
936 429 1075 506 Ἰλιάδος
1111 427 1273 512 exscripta
1310 431 1386 492 sunt
1422 449 1462 492 ex

289 547 452 614 scholiis
471 545 510 609 ad
529 547 557 608 B
576 542 641 606 262
656 543 688 605 et
703 544 725 604 Ι
735 539 815 625 2403
836 561 858 604 6.
873 561 902 603 6.
924 539 1048 623 ἄμοτον
1068 536 1177 620 Etym.
1197 533 1305 619 Magn.
1328 556 1358 618 p.
1374 533 1459 617 86,1

290 677 371 740 quae
405 653 582 737 sequuntur
613 648 723 713 verba:
756 647 842 712 οὑτω
872 641 934 730 μὲν
962 642 1094 729 Ὠρίων·
1133 642 1196 726 ἐγὼ
1230 643 1266 706 δε
1295 635 1396 724 εὗρον
1426 640 1462 704 ἐν

288 760 568 846 ὑπομνήμασιν
587 752 741 836 Ἰλιάδος,
770 753 820 818 ὅτι
848 756 916 817 κτλ.
939 749 1137 815 adverbum
1159 748 1322 831 exscripta
1346 751 1422 812 sunt
1445 770 1462 811 e

290 865 450 932 scholiis
485 862 525 927 ad
556 866 587 926 Ε
613 859 678 925 518
711 864 744 924 66
776 859 816 923 ad
847 864 880 922 Λ
907 857 987 942 440;
1019 879 1116 941 porro
1148 855 1186 920 cf.
1214 855 1322 939 Etym.
1353 853 1460 939 Magn.

289 996 319 1058 p.
337 971 470 1058 566,16
489 991 562 1035 cum
581 966 703 1032 scholio
723 971 751 1031 Θ
769 966 844 1051 422,
863 970 904 1048 66,
918 969 955 1030 66
974 987 1013 1028 ex
1031 964 1104 1029 aliis
1123 962 1335 1047 scriptoribus
1352 983 1463 1048 unum,

290 1079 376 1164 quod
398 1078 540 1163 primum
564 1077 724 1161 occurrat,
746 1072 927 1157 exemplum
951 1071 1096 1156 afferam,
1122 1070 1231 1154 Etym.
1254 1069 1361 1154 Magn.
1386 1091 1410 1133 6.
1433 1091 1462 1133 6.

290 1190 413 1270 βινεῖν,
439 1184 496 1248 661
524 1204 605 1267 quae
632 1184 708 1245 sunt
735 1183 809 1245 6666
837 1180 882 1256 ὡς
905 1178 942 1244 ἐν
964 1179 1174 1263 ὑπομνήματι
1193 1175 1464 1263 Ἀριστοφάνους,

291 1293 474 1377 congruunt
504 1311 576 1354 cum
608 1286 731 1352 scholio
762 1285 879 1350 Ranar.
907 1308 936 1350 6.
961 1284 1025 1349 762
1053 1305 1188 1368 cumque
1215 1283 1357 1348 eiusdem
1384 1282 1464 1367 ipsis

291 1397 463 1464 erroribus.
522 1393 656 1459 Omnem
692 1397 800 1458 666616
832 1391 1066 1456 dubitationem
1098 1390 1219 1455 tollunt
1250 1391 1348 1456 66666
1379 1413 1402 1455 s.
1435 1413 1465 1455 6.

292 1504 402 1591 αλδρις
423 1502 532 1586 Etym.
551 1500 657 1586 Magn.
677 1522 708 1584 p.
726 1500 779 1582 42,
792 1498 850 1564 40:
873 1498 979 1575 οὑτως
1003 1492 1103 1582 εὗρον
1126 1501 1288 1583 σχόλιον
1312 1498 1348 1565 ἐν
1370 1499 1465 1564 ὑπο-

292 1613 462 1695 μνήματι
487 1607 625 1685 Ἰλιάδος
652 1606 769 1672 6611666
796 1627 868 1670 6661
897 1603 1019 1670 scholio
1043 1604 1083 1670 ad
1107 1608 1139 1669 Γ
1156 1605 1221 1670 219
1245 1604 1261 1670 Ι
1288 1628 1317 1689 p.
1339 1605 1402 1671 153
1418 1627 1464 1690 sq.

292 1716 366 1801 Dd,
394 1719 426 1779 et
449 1738 473 1780 6.
496 1739 525 1781 6.
548 1714 641 1799 άγάν
662 1714 706 1778 16.
727 1711 778 1796 16,
795 1710 852 1777 53:
894 1711 1000 1788 οὑτως
1028 1705 1127 1797 εὗρον
1156 1714 1292 1795 σχόλια
1317 1711 1354 1777 έν
1376 1713 1466 1778 ὑπο·

292 1824 490 1908 μνήμασιν
519 1819 659 1897 Ἰλιάδος
690 1819 807 1885 6611666
838 1840 910 1883 cum
941 1817 1063 1883 scholio
1089 1818 1209 1882 2376.
1263 1816 1354 1883 Adde
1381 1819 1466 1904 quod

293 1930 365 1995 aliis
398 1929 596 2014 argumentis
627 1928 703 1992 11666
737 1926 903 1991 ostendere
935 1925 1029 1990 111661
1055 1923 1275 2010 Etymologici
1303 1929 1466 1991 auctorem

293 2058 387 2101 usum
406 2034 550 2100 66661116
569 2055 727 2119 corpore
746 2032 997 2118 scholiorum,
1015 2030 1102 2116 quod
1119 2031 1155 2095 in
1168 2031 1240 2096 61116
1259 2032 1355 2096 66666
1373 2032 1467 2116 plura
1520 2024 1524 2029 ⁴

294 2165 391 2227 quam
413 2145 561 2206 nostrum
583 2139 767 2226 praebebat,
789 2140 825 2203 in
847 2137 919 2204 eliis
943 2138 1046 2224 magis
1070 2137 1244 2202 deficiebat.
1290 2137 1342 2202 Ex
1361 2160 1407 2224 gr.
1428 2138 1468 2204 ad
1527 2217 1533 2223 Ι

294 2248 428 2313 verbum
450 2246 586 2336 κοῦριξ
608 2247 718 2330 Etym.
742 2245 850 2331 Magn.
873 2269 902 2330 p.
921 2245 1030 2332 53431
1056 2244 1279 2327 explicandum
1303 2245 1466 2329 exscripto

296 2356 418 2420 scholio
441 2380 460 2439 χ
482 2356 560 2442 122,
587 2354 677 2419 66166
705 2353 752 2417 661
779 2353 852 2417 fons
879 2353 948 2436 ipse
976 2352 1117 2417 additur:
1146 2351 1183 2416 ἐν
1205 2353 1415 2438 ὑπομνήματι
1438 2351 1467 2437 χ’

294 2460 495 2549 Ὀδυσσείας,
528 2483 608 2546 quae
641 2463 820 2545 sequuntur
849 2456 977 2542 Ἀλέξής
1010 2455 1047 2523 δὲ
1078 2462 1230 2542 corrupta
1262 2462 1351 2542 6666,
1383 2463 1469 2524 66666

296 2573 403 2634 autem
426 2568 587 2654 legrmtur,
610 2568 637 2631 si
660 2589 733 2632 cum
750 2564 933 2630 Villoiscno
954 2563 1008 2652 (ad
1026 2564 1237 2648 Apollonium
1251 2588 1275 2630 6.
1290 2588 1319 2631 6.
1339 2564 1468 2653 ιιοὺριξ)

293 2673 422 2758 Ἀλέξής
448 2675 483 2738 16
507 2673 659 2754 Ἀλεξίων
687 2673 941 2738 commutaveris.
991 2671 1062 2737 Hoc
1089 2693 1207 2738 nomen
1234 2694 1306 2737 cum
1329 2671 1412 2736 desit
1434 2672 1470 2736 in

295 2782 416 2846 nostris
450 2781 581 2847 scholiis
615 2780 774 2845 sententia
804 2780 876 2864 ipse
908 2780 1028 2864 optime
1061 2782 1201 2863 servata,
1228 2779 1264 2843 16
1289 2780 1350 2845 666
1377 2783 1469 2865 parte

296 2888 376 2953 illud
404 2910 534 2973 corpus,
564 2910 628 2972 quo
655 2908 734 2952 6666
762 2891 811 2951 666
838 2890 951 2952 auctor
980 2885 1215 2973 Etymologici,
1242 2886 1368 2970 plenius
1392 2890 1468 2952 erat.

298 2993 419 3061 Contra
443 2995 482 3059 ad
505 2995 645 3077 priorem
668 2993 859 3057 sententiam
883 2993 912 3055 61
931 2991 1019 3056 deest
1037 3013 1156 3056 nomen
1173 2990 1365 3081 Aristarchi,
1384 2994 1469 3079 quod

297 3102 332 3166 in
360 3100 483 3165 scholio
510 3103 624 3163 nostro
651 3098 784 3183 legitur,
813 3101 846 3161 et
869 3097 1028 3161 sententia
1051 3094 1192 3162 Cratetis
1215 3098 1376 3164 immerito
1401 3101 1469 3165 6166

299 3207 367 3271 6166
390 3205 521 3269 nomine
543 3204 663 3268 tradita
686 3225 759 3268 oum
780 3201 988 3267 Aristarchea
1006 3203 1222 3288 ccnfimditur,
1245 3227 1309 3288 qua
1327 3206 1361 3269 16
1379 3211 1470 3289 parte

298 3311 470 3378 manifesto
496 3314 645 3375 nostrum
673 3331 788 3394 corpus
811 3309 926 3374 melius
950 3312 1006 3373 est.
1051 3308 1147 3373 Hunc
1170 3313 1277 3375 autem
1298 3310 1470 3399 hominem,

300 3419 356 3502 qui
378 3439 419 3481 ne
442 3416 481 3480 ad
503 3415 675 3481 Homerica
698 3416 825 3500 quidem
853 3415 995 3481 carmina
1017 3415 1257 3500 interpretanda
1280 3416 1364 3482 ullos
1387 3440 1471 3483 com·

299 3522 475 3589 mentarios
509 3522 729 3607 antiquorum,
760 3544 801 3587 ne
828 3522 931 3587 dicam
954 3522 1268 3610 antiquissimorum,
1290 3522 1470 3589 Aristarchi

302 3627 519 3715 Cratetisque,
541 3628 691 3694 adhibere
718 3629 838 3713 potuit,
870 3651 949 3693 num
976 3629 1082 3694 credet
1109 3629 1280 3715 quisquam
1308 3632 1470 3698 volutasse

300 3735 449 3800 manibus
463 3734 645 3801 Aristarchi
664 3736 819 3821 quaedam
833 3736 1082 3820 hypomnemata
1100 3737 1134 3800 16
1149 3734 1254 3820 Opera
1268 3739 1470 3823 conscripta?

300 3841 401 3908 16166
423 3865 464 3907 66
489 3842 704 3908 66666666661
728 3843 856 3927 quidem
879 3844 1023 3928 integros
1042 3844 1288 3910 commentarios
1307 3867 1379 3909 eum
1398 3849 1471 3909 ante

301 3949 410 4015 oculos
434 3950 586 4015 habuisse
610 3950 782 4015 manifesto
801 3954 850 4015 666
869 3949 1253 4034 supra-demonstratum!
1272 3989 1315 3998 —
1334 3948 1471 4015 Constat

300 4057 402 4143 igItur
424 4057 550 4121 nullum
573 4079 641 4121 esse
664 4057 896 4142 testimonium,
923 4079 961 4121 ex
985 4079 1049 4142 quo
1072 4057 1172 4122 161666
1196 4056 1366 4122 concludas
1389 4079 1471 4121 oom-

302 4163 477 4228 mentarios
500 4162 687 4249 Hesiodecs,
710 4163 880 4227 minimum
903 4165 942 4228 ad
965 4161 1079 4251 Opera,
1100 4162 1292 4229 Aristarchi.

393 4378 419 4446 1)
439 4374 504 4430 Cod.
526 4373 655 4430 Vossian.
675 4373 789 4429 exhibet
807 4372 956 4446 auctiora,
975 4374 1037 4446 lege
1056 4371 1217 4444 ὑπομνήσει.
