3342 5168
284 287 331 392 ⁴32
460 328 501 382 De
520 327 655 397 ampliore
674 327 742 382 olim
761 327 871 383 Veteris
889 327 1053 397 interpretis
1072 328 1280 384 commentario.

288 490 445 555 allaturus
467 513 538 554 aum
561 489 756 555 testimonia.
793 488 840 555 Ut
861 494 970 554 autem
988 489 1168 576 intellegas,
1192 494 1312 575 quanto
1331 490 1461 555 uberior

288 619 384 681 quam
413 600 489 661 sunt
510 600 623 661 nostra
645 597 743 661 fuerit
766 595 836 683 ille,
865 597 921 680 qui
942 618 1028 661 nuno
1051 597 1187 661 obrutus
1215 598 1281 662 fere
1309 600 1358 661 est
1388 598 1461 662 fons

287 707 433 772 vetustae
465 702 641 789 doetrinae,
675 703 834 789 conferes,
869 725 950 787 quae
984 705 1061 767 sunt
1089 702 1249 787 adscripta
1276 703 1316 767 ad
1343 725 1371 768 v.
1397 703 1459 766 707

288 807 331 894 (p.
360 807 440 896 383)
478 809 538 873 sub
575 810 682 886 άλλως
719 830 792 873 oum
828 808 890 896 eis,
927 831 1009 892 quae
1047 813 1174 874 exstant
1211 808 1297 896 (ipso
1330 810 1461 875 nomine

288 914 427 981 ‘scholii'
443 912 609 1003 apposito)
626 915 662 979 in
680 914 907 1000 Etymologioo
928 913 1075 980 Gudiano
1095 913 1139 1002 (p
1159 916 1233 1002 302,
1252 916 1287 1002 53
1306 916 1460 981 leotiones

286 1023 393 1087 varias
423 1021 537 1086 addam
565 1021 689 1108 Etym,
717 1021 804 1105 quod
832 1022 1008 1107 genuinum
1035 1021 1135 1105 Μέγα
1162 1022 1288 1087 vooavit
1314 1020 1461 1087 Reitzen-

290 1129 433 1215 steinius‚
457 1127 514 1212 qui
532 1150 583 1192 me
601 1149 660 1211 per
680 1128 807 1192 litteras
827 1129 980 1193 benevole
999 1128 1037 1192 de
1054 1128 1106 1192 his
1126 1132 1158 1192 et
1177 1129 1249 1194 aliis
1269 1128 1461 1211 quibusdam

286 1236 382 1300 rebus
407 1231 545 1321 docuit):
573 1238 823 1319 κασίγνητος·
852 1233 907 1300 καὶ
935 1235 1222 1318 αὐτοκασίγνητος.
1257 1237 1357 1299 ποίου
1384 1236 1460 1318 σχή-

287 1365 402 1425 ματος;
425 1339 603 1406 συνθέτου.
640 1341 806 1406 σύνθετον
829 1339 869 1405 de'
891 1340 959 1406 ἐστι
982 1343 1019 1406 τὸ
1043 1341 1078 1406 ἐκ
1103 1343 1164 1406 δύο
1183 1340 1203 1424 ἢ
1223 1340 1278 1406 καὶ
1296 1342 1461 1407 πλειόνων

165 1531 168 1537 ¹
287 1446 408 1526 λέξεων
440 1450 667 1531 συγκείμενον.
718 1456 779 1512 τοῦ
810 1449 874 1534 γάρ
905 1446 1163 1533 παροσυνθέτου
1194 1449 1276 1512 κατά
1302 1449 1340 1513 τὸ
1367 1445 1461 1523 τέλος

288 1557 415 1637 γίνεται
441 1556 578 1636 κίνησις.
624 1544 698 1618 οἷον
724 1556 890 1630 Φίλιππος
912 1557 1107 1638 φιλιππίζω·
1138 1555 1175 1619 τὸ
1199 1551 1235 1619 dl
1258 1551 1329 1619 κατ’
1355 1552 1460 1640 ἀρχὴν

289 1663 468 1746 γινόμενον
491 1658 582 1744 μένει
606 1660 762 1737 ὡσαύτως
784 1660 960 1726 σύνθετον.
1004 1664 1130 1743 γίνεται
1153 1657 1190 1725 dl
1208 1662 1245 1725 τὸ
1264 1663 1461 1743 κασίγνητος

287 1767 322 1832 ἐκ
340 1775 401 1832 τοῦ
418 1766 523 1832 αάσου
542 1767 560 1833 ὁ
579 1770 732 1850 σημαίνει
751 1768 810 1832 τὸν
829 1766 977 1851 ἀδελφὸν
995 1765 1050 1831 καὶ
1072 1777 1133 1832 τοῦ
1156 1768 1285 1852 γνητὸς,
1307 1775 1405 1832 τοῦτο
1426 1765 1460 1830 ἐκ

287 1883 347 1940 τοῦ
369 1871 472 1955 γέννα
494 1876 691 1957 κασίγνητος
712 1871 913 1960 (Hucusque,
936 1895 1017 1957 quae
1039 1872 1172 1959 protuli,
1197 1873 1313 1938 desunt
1335 1872 1371 1937 in
1392 1872 1460 1937 eod.

286 1978 460 2044 A==Vat
493 2000 539 2064 gr.
570 1977 680 2066 1818).
723 1977 881 2057 Ἡσίοδος
916 1978 1102 2067 (laudantur
1135 2000 1245 2044 versus
1279 1976 1460 2066 rou-716)

287 2085 408 2171 σχέδον
436 2083 535 2172 (leget
563 2082 713 2172 σῃόλιον)
739 2095 801 2150 τοῦ
824 2085 973 2170 ἀδελφοῦ
996 2109 1061 2170 μου
1083 2082 1161 2172 (σου
1183 2084 1228 2172 Α)
1252 2087 1296 2171 μὴ
1318 2089 1461 2173 προτίμᾳ

286 2195 347 2258 τὸν
375 2196 477 2277 φίλον
504 2208 576 2256 σου.
624 2190 681 2257 ἐάν
710 2188 747 2256 di
774 2190 829 2257 καὶ
856 2193 996 2278 ποιήσῃς
1024 2190 1116 2279 (ποίη
1139 2190 1184 2280 Α)
1212 2195 1324 2277 φίλον,
1351 2193 1395 2276 μη
1418 2195 1460 2257 σὺ

286 2310 421 2385 πρῶτον
439 2297 542 2363 αὐτὸν
560 2297 720 2382 ἀτιμάσῃς
738 2295 821 2382 μηδὲ
839 2300 1048 2383 ααταψεύσῃς
1066 2296 1268 2385 (καταψεύση
1284 2297 1329 2387 Α)
1348 2299 1460 2364 αὐτόν.

288 2405 346 2471 έάν
370 2401 406 2470 dl
430 2403 530 2481 αὐτὸς
550 2403 655 2491 ἀρχὴν
673 2406 794 2489 ποιήσῃ
813 2415 874 2471 τοῦ
892 2404 1047 2489 ἀτιμάσαι
1066 2421 1112 2490 σε,
1135 2404 1311 2471 διπλάσιον
1330 2403 1460 2492 (διπλα-

288 2515 407 2577 σίασον
424 2508 470 2598 Α)
494 2510 583 2598 αὐτῷ
602 2507 654 2598 (τὸ
673 2510 742 2575 add.
761 2507 807 2596 A)
829 2513 933 2577 κακὸν
957 2509 1025 2598 (καὶ
1044 2511 1112 2576 add.
1131 2509 1177 2597 A)
1200 2511 1324 2589 ἀπόδος
1342 2535 1461 2596 μεμνη-

236 2675 238 2679 .
287 2615 387 2702 μένος
400 2611 449 2683 ὧν
463 2620 510 2695 είς
525 2614 561 2683 σὲ
575 2617 781 2703 διεπράξατο.
819 2617 877 2683 ἐὰν
895 2614 933 2683 ἀὲ
950 2618 1052 2684 πάλιν
1070 2622 1222 2703 βουληθῇ
1242 2620 1460 2702 διαλλαγῆναι
1579 2674 1582 2680 s
1659 2660 1660 2663 =

287 2721 342 2789 καὶ
370 2728 581 2808 φιλιωθῆναί
604 2742 673 2809 σοι,
700 2722 755 2790 καὶ
782 2723 951 2811 προσπέσῃ
975 2741 1044 2810 σοι,
1069 2724 1160 2803 δέξαι
1184 2724 1295 2790 αὐτόν.
1341 2726 1461 2801 ἄθλιος

288 2832 351 2917 γάρ
381 2829 520 2915 ἐκεῖνος,
553 2832 643 2909 ὅστις
670 2831 733 2897 ἀπὸ
760 2832 882 2896 τούτου
910 2834 958 2908 είς
984 2842 1104 2897 τοῦτον
1131 2835 1321 2917 μεταβαίνει
1349 2833 1459 2916 φίλον.

288 2941 331 3003 σὺ
359 2935 397 3003 δὲ
423 2936 593 3024 ὑπερέχων
621 2936 727 3025 (εἴπερ
757 2941 840 3022 ἔχεις
862 2935 907 3024 Α)
934 2939 1040 3020 καλὴν
1068 2937 1162 3004 ἰδέαν
1189 2923 1240 3022 μὴ’
1261 2940 1317 3003 ἔσο
1340 2939 1460 3023 μωρός,

289 3045 345 3109 ἵνα
378 3041 413 3131 (ἢ
441 3043 485 3133 Α)
518 3046 562 3130 μὴ
598 3044 619 3127 ἡ
649 3048 758 3129 μωρία
789 3061 852 3109 σου
883 3044 1024 3129 ἀτιμάσῃ
1051 3045 1113 3127 τὴν
1141 3043 1235 3109 ίὸέαν
1262 3061 1332 3109 σου.
1378 3040 1460 3127 μηδὲ

287 3149 496 3235 πολύξεινον,
519 3151 810 3236 εὐκαταφρόνητον
832 3153 895 3236 γάρ
919 3154 998 3229 τοὺς
1019 3153 1164 3228 πολλοὺς
1187 3150 1339 3235 ξενίζειν,
1361 3153 1399 3215 τὸ
1423 3147 1460 3215 δὲ

289 3255 422 3335 ἀξεινον
449 3258 607 3341 φιλιῶὸες
635 3253 817 3343 (θηριῶδες
838 3254 884 3345 Α)
908 3254 990 3342 μηδὲ
1013 3260 1133 3333 κακοὺς
1157 3263 1249 3342 είπῃς
1272 3253 1393 3343 (είποις
1414 3254 1459 3345 Α)

287 3366 367 3440 τοὺς
393 3362 556 3446 ἀγαθούς·
595 3370 721 3448 εἴρηται
748 3367 944 3447 κασίγνητος
971 3365 1059 3449 παρὰ
1087 3366 1123 3430 τὸ
1151 3364 1246 3441 κάσις
1270 3363 1288 3429 d
1316 3364 1460 3448 ἀδελφὸς

289 3468 345 3534 καὶ
381 3471 418 3534 τὸ
454 3470 535 3553 γνὴς
569 3473 703 3554 γνητός,
740 3470 758 3535 ὃ
790 3474 944 3555 σημαίνει
975 3472 1012 3535 τὸ
1045 3472 1197 3553 γνήσιον·
1235 3468 1290 3536 καὶ
1323 3471 1460 3553 ὀγνῆται

289 3577 326 3641 οί
356 3576 464 3661 §tidros
497 3574 650 3662 (Ultima,
686 3576 759 3640 inde
791 3577 832 3640 ab
865 3584 1006 3662 εἴρηται,
1042 3576 1113 3641 sola
1143 3576 1242 3640 habet
1275 3577 1342 3641 eod.
1370 3575 1459 3639 B=

288 3679 429 3746 Florent.
454 3703 478 3746 s.
497 3681 600 3746 Marci
614 3682 702 3770 304).
738 3680 848 3767 Aque
865 3683 954 3746 illius
974 3704 1101 3767 quoque
1122 3683 1351 3770 Etymologioi‚
1375 3681 1461 3766 quod

287 3789 386 3874 vulgo
424 3788 605 3873 appellatur
636 3789 806 3875 Magnum,
842 3793 954 3853 auctor
989 3789 1083 3873 plura
1119 3789 1213 3854 debet
1245 3790 1288 3876 ei,
1325 3790 1363 3854 de
1395 3811 1459 3873 quo

287 3917 372 3960 nuno
395 3895 521 3980 agimus
544 3897 763 3981 grammatioo.
801 3894 893 3971 Quod
911 3896 1151 3961 demonstratur
1169 3918 1236 3961 non
1254 3898 1360 3961 solum
1378 3896 1460 3980 inde,
1520 3891 1522 3895 ’

289 4002 374 4086 quod
404 4002 561 4067 voeabula
593 4003 749 4087 quaedam
776 4002 943 4067 tractanda
969 4003 1017 4067 ita
1043 4003 1211 4089 proponit,
1243 4007 1280 4067 ut
1306 4003 1460 4088 leguntur

288 4108 373 4192 apud
400 4108 591 4193 Hesiodum,
618 4109 808 4194 sedetiam,
841 4110 927 4193 quod
957 4110 992 4173 in
1019 4110 1232 4202 explieatione
1260 4112 1388 4194 saepius
1415 4108 1460 4173 ad

287 4214 443 4279 verbum
470 4215 620 4300 congruit
650 4236 723 4279 oum
749 4214 878 4280 Veteris
906 4216 995 4280 illius
1023 4217 1262 4281 commentario.
1309 4215 1460 4281 Conferas

286 4320 578 4385 luculentissimum
618 4321 800 4405 exemplum
840 4322 879 4386 ad
914 4344 943 4386 v.
976 4322 1041 4387 493
1079 4321 1123 4408 (p.
1156 4322 1221 4389 303
1259 4346 1331 4387 oum
1365 4319 1460 4409 nota)

287 4429 488 4515 propositam
525 4427 769 4511 explicationem
805 4429 922 4493 veteris
959 4429 1174 4516 grammatici,
1212 4452 1309 4513 quam
1341 4429 1459 4493 eisdem
