3390 5178
300 376 364 440 196
549 376 591 432 De
611 374 732 444 Operum
751 374 876 429 versibus
896 374 932 428 ab
952 372 1076 443 antiquis
1095 373 1227 429 laudatis.

296 539 423 604 videtur
441 539 492 602 his
512 539 579 602 eius
598 538 704 625 verbis
724 538 759 628 (l.
773 537 822 627 l.):
846 538 867 622 11
886 538 927 603 δέ
942 562 980 622 γε
998 537 1167 625 αύρθενύς
1186 537 1254 603 ἐστι
1269 534 1347 602 καθ’
1365 535 1472 602 Ἡσίο-

298 648 370 730 δον,
393 647 655 732 ἀδιάφθορος,
680 646 797 723 αἰδοῦς
818 643 874 711 καὶ
890 643 1119 732 ’σωφροσύνης
1139 642 1193 710 καὶ
1213 645 1378 726 ὠφελείας
1395 647 1473 710 σύν-

297 775 388 831 οικος
416 751 479 818 κτὲ.
504 750 714 839 (6186106111
739 751 770 816 Ρ
787 751 873 816 1364
882 751 917 816 Β.
938 775 962 817 s.
981 775 1009 817 v.
1029 755 1135 835 Δίκης
1163 774 1202 815 ex
1231 749 1359 815 Aeliani
1389 751 1473 836 frag·

295 857 630 946 1116111625Η61611,).
676 859 704 923 E
748 882 788 923 ne
821 860 883 923 tibi
910 860 1010 942 κεὸνή
1036 857 1099 942 'pro
1127 859 1233 945 κυδρή
1262 857 1370 949 minus
1400 860 1475 941 apte

295 972 408 1051 postea
435 968 563 1031 demum
595 968 738 1050 positum
770 966 930 1051 videatur,
961 965 1032 1031 vide
1061 964 1119 1050 Op.
1139 966 1215 1052 699,
1238 990 1259 1029 α
1273 963 1349 1049 428,
1367 963 1474 1047 aare,

295 1074 453 1157 imprimis
476 1074 585 1157 hymn.
604 1075 639 1137 in
657 1072 736 1137 Ven.
756 1073 814 1155 443
838 1077 951 1137 contra
973 1074 1079 1159 κυδρή
1099 1076 1156 1136 aut
1178 1073 1284 1154 κνὸνή
1308 1070 1474 1154 vocabulo,

296 1179 383 1263 quod
396 1181 430 1244 in
445 1179 623 1244 Homericis
640 1180 835 1244 carminibus
851 1203 982 1264 perraro
998 1179 1136 1244 occurrit
1151 1183 1183 1242 et
1197 1177 1248 1241 bis
1263 1178 1347 1262 apud
1362 1176 1474 1241 Hesio·

296 1287 371 1350 dum
399 1291 532 1372 excepto
559 1287 621 1351 hoc
653 1309 747 1351 versu
779 1287 931 1372 vulgatae
957 1286 1166 1373 recensionis,
1195 1288 1333 1349 utuntur
1361 1287 1475 1368 poetae

296 1398 418 1457 veteres
443 1395 628 1477 saepissime
651 1394 692 1458 ad
720 1394 894 1457 ornandam
921 1391 1078 1457 Iunonem
1110 1391 1230 1479 (theog.
1254 1391 1329 1475 328,
1355 1395 1389 1455 Σ
1402 1389 1475 1474 184,

295 1501 404 1584 hynm.
428 1499 523 1565 Hom.
547 1499 610 1565 XII
633 1499 683 1588 4),
716 1500 873 1564 Latonam
910 1498 1058 1565 Cererem
1097 1500 1276 1563 Minervam
1314 1494 1474 1585 (conferas

296 1606 532 1692 1580111111.
551 1608 586 1672 in
605 1606 674 1672 061.
695 1608 768 1691 179,
785 1607 895 1691 hymn.
915 1606 1009 1671 Hom.
1028 1604 1170 1671 XXVIII
1191 1604 1235 1694 1),
1253 1626 1418 1688 nunquam
1437 1603 1475 1667 de

298 1712 437 1779 Iustitia.
462 1753 504 1760 —
529 1713 616 1790 Quae
635 1718 822 1798 sequuntur,
845 1713 1009 1778 transilire
1026 1714 1092 1777 fere
1110 1713 1194 1798 licet,
1217 1734 1290 1776 cum
1308 1708 1476 1796 Stobaeus,

299 1821 356 1904 qui
380 1821 473 1884 affert
495 1821 515 1884 l.
534 1820 554 1886 l.
579 1842 689 1887 versus
717 1843 818 1905 nsque
842 1820 882 1885 ad
906 1821 980 1906 262,
1004 1819 1151 1884 concinat
1170 1841 1250 1883 cum
1277 1818 1384 1903 libris,
1411 1816 1474 1881 nisi

297 1927 375 1993 haec
399 1932 476 1992 sunt
494 1928 691 1993 annotanda:
715 1928 779 1992 258
804 1930 846 1993 ἄν
869 1932 919 2004 τίς
936 1952 995 2011 μιν
1018 1924 1083 1991 OD
1103 1923 1193 1991 Stob.
1216 1927 1259 1990 ἄν
1277 1928 1336 2009 μίν
1358 1949 1409 2001 τις
1431 1921 1474 2008 A,

295 2033 776 2121 vituperabantur),
804 2035 889 2118 quod
918 2035 994 2118 quia
1020 2055 1078 2118 per
1106 2032 1277 2116 syninesim
1303 2031 1473 2117 legendum

296 2144 355 2227 est,
378 2145 479 2226 erant,
503 2142 559 2224 qui
577 2145 806 2225 praeoptarent
824 2140 987 2223 βασιλέων
1005 2139 1082 2203 libri
1099 2138 1122 2203 0
1139 2137 1192 2227 (cf.
1207 2138 1383 2204 Raechium
1401 2138 1474 2222 „der
1498 2170 1501 2175 >

296 2245 428 2311 Dialelrt
442 2247 519 2311 etc.“
532 2271 562 2331 p.
574 2247 652 2334 4063
668 2245 810 2332 Symbol.
824 2247 975 2332 Pragens.
989 2270 1020 2330 p.
1033 2244 1125 2334 177),
1144 2246 1179 2310 in
1192 2244 1475 2330 12628161166116,

296 2353 422 2418 etiamsi
444 2354 540 2418 multi
564 2354 631 2418 eius
655 2354 731 2418 libri
754 2354 908 2418 exhibent
927 2357 1157 2440 ταρκλίνονσι,
1181 2356 1266 2417 certe
1288 2352 1370 2437 legit
1392 2375 1474 2439 παρ-

296 2464 443 2547 κλίνωσι,
467 2482 563 2544 quam
586 2462 722 2525 formam
746 2483 818 2526 oum
842 2482 985 2545 apocopa
1008 2482 1091 2525 unns
1114 2458 1245 2524 liberh
1269 2460 1390 2544 optime
1413 2480 1475 2523 ser-

296 2567 383 2631 vavit
403 2565 643 2654 (τιαρακλίνωσι
660 2567 683 2631 0
699 2567 728 2631 D
748 2571 967 2651 παρκλίνουσι
990 2566 1068 2654 alii).
1084 2605 1126 2613 -
1142 2565 1182 2630 In
1200 2588 1294 2631 versu
1309 2566 1374 2630 265
1390 2565 1475 2650 qnod

296 2673 487 2759 Apostolius
508 2673 541 2739 Π
561 2674 635 2738 8411
653 2672 711 2761 (=
730 2673 860 2739 Arsenii
883 2672 932 2738 ΙΠ
952 2674 1004 2759 75,
1028 2673 1172 2738 Paroem.
1196 2671 1259 2760 gr.)
1282 2673 1474 2756 particulam

296 2780 332 2845 τὲ
357 2781 477 2867 omisit,
495 2803 571 2845 casu
588 2781 651 2846 hoc
668 2782 789 2846 factum
809 2803 876 2846 esse
895 2780 1095 2844 demonstrat
1113 2780 1307 2845 Eustathins
1326 2780 1366 2844 ad
1384 2779 1474 2844 iliad.

296 2911 326 2971 p.
345 2887 420 2972 522,
441 2888 494 2975 14,
518 2888 637 2972 quippe
657 2888 713 2972 qui
735 2890 773 2952 τὸ
797 2880 832 2953 οἷ
848 2886 875 2952 τ’
904 2888 992 2976 αὐτῷ
1012 2887 1143 2951 initium
1161 2909 1229 2952 esse
1248 2887 1388 2972 gnomici
1408 2909 1474 2952 ver·

297 3017 351 3059 sus
375 2996 486 3058 doceat
510 2986 835 3082 (11111161.]),οἷθ’
862 2995 951 3082 αὑτῷ
972 2992 1021 3081 0).
1058 2993 1194 3059 Prorsus
1218 3015 1293 3058 vero
1318 2994 1400 3058 alius
1424 2996 1474 3057 est

297 3106 405 3167 textus
419 3100 594 3185 Plutarchi,
608 3101 664 3184 qui
678 3100 777 3164 habet
791 3101 829 3164 de
845 3121 1009 3166 seranum.
1020 3100 1105 3165 vind.
1115 3124 1145 3184 p.
1155 3099 1247 3164 5546
1261 3097 1399 3187 (111432
1410 3097 1474 3185 Β.);

430 3243 467 3318 ὃς
490 3240 520 3306 δ’
547 3244 635 3330 ἄλλω
659 3244 743 3307 κακὰ
765 3244 884 3327 τεύχει,
908 3240 950 3328 ἑῷ
974 3244 1076 3308 κακὸν
1100 3243 1200 3326 ἥπατι
1223 3242 1340 3326 τεύχει.

297 3402 399 3479 Quem
417 3423 544 3465 versum
558 3401 677 3466 imitati
692 3406 768 3466 sunt
782 3402 925 3467 Lucilius
944 3403 1043 3487 epigr.
1063 3402 1115 3488 51,
1133 3402 1155 3466 5
1174 3407 1206 3467 61
1225 3423 1318 3466 anon.
1338 3399 1473 3466 Anthol.

296 3508 362 3572 Pal.
377 3506 431 3572 XI.
449 3508 522 3594 183,
536 3512 568 3573 61
578 3508 721 3574 laudavit
735 3508 890 3574 helianus
904 3509 979 3574 Ver.
994 3509 1107 3573 histor.
1116 3507 1197 3574 VIII
1211 3510 1231 3574 9
1246 3531 1276 3592 p.
1291 3510 1332 3574 91
1343 3506 1474 3575 Herch.:

473 3652 600 3735 τεύχων
623 3652 667 3729 ὡς
690 3649 789 3741 ἑτέρῳ
813 3675 862 3729 τις
886 3650 928 3738 ἑῷ
950 3652 1053 3717 κακὸν
1076 3651 1175 3734 ἥπατι
1199 3652 1306 3736 τεύχει

298 3793 365 3857 sine
383 3794 512 3858 nomine
530 3799 644 3877 poetae
662 3798 699 3858 ut
717 3794 924 3859 notissimum
948 3791 1000 3879 (τὸ
1020 3795 1097 3869 ἔτος
1117 3790 1246 3879 ἐκεῖνο).
1292 3792 1380 3857 Haec
1403 3792 1474 3876 ipsa

298 3904 346 3964 est
382 3922 490 3986 causa,
527 3900 613 3984 quod
643 3899 816 3965 Plutarcho
852 3900 1017 3984 ceteroqui
1049 3899 1125 3963 testi
1158 3899 1287 3963 certiori
1318 3900 1473 3964 maiorem

297 4006 391 4069 fidem
414 4006 562 4092 habeam3
586 4007 676 4070 cuius
702 4028 813 4071 versus
836 4010 951 4090 poetae
973 4006 1136 4070 veterrimi
1161 4005 1258 4070 etiam
1277 4006 1382 4092 magis
1400 4028 1472 4089 pro-

298 4113 387 4194 prius
406 4112 533 4176 videtur
552 4134 628 4177 esse.
660 4112 732 4177 Hoc
751 4113 778 4177 si
798 4112 933 4199 tenebis,
950 4112 1033 4177 nihil
1052 4113 1116 4176 iam
1135 4116 1167 4176 te
1185 4112 1366 4177 morabitur
1385 4112 1475 4177 testi-

297 4219 442 4282 monium
465 4217 652 4283 Aristotelis
674 4218 806 4284 Rhetor.
825 4218 875 4284 HI
894 4222 914 4284 9
933 4243 963 4305 p.
985 4218 1152 4284 1409128

431 4351 466 4424 οἷ
487 4358 514 4424 τ’
541 4360 630 4447 αὐτῷ
653 4364 736 4427 κακὰ
758 4362 865 4445 τεύχει
888 4362 972 4446 ἀνὴρ
996 4364 1084 4451 ἄλλω
1108 4362 1191 4427 κακὰ
1213 4362 1340 4445 τεύχων

432 4466 466 4549 [ἡ
491 4464 528 4530 δὲ
551 4469 657 4551 μακρὰ
681 4468 827 4552 ἀναβολὴ
850 4478 895 4555 τῷ
918 4470 1094 4551 ποιήσαντι
1117 4459 1278 4551 sandoval
