3390 5178
318 329 380 394 158
674 328 715 382 De
733 327 849 396 reliquis
869 328 988 398 Operum
1008 327 1130 384 scholiis.

312 493 417 557 testis·
431 489 506 579 est),
529 491 769 576 tacendumne
787 491 961 556 Laodiceae
980 490 1101 576 Syriae,
1118 493 1139 556 i.
1157 513 1183 556 e.
1203 492 1349 556 sacerdos
1374 491 1485 558 Grae-

310 621 458 685 corum,
481 621 556 662 nam
582 620 748 682 nunquam
774 597 835 662 hac
862 620 939 663 voce
968 599 1147 663 sacerdotes
1175 596 1353 663 Christiani
1380 600 1488 685 appel-

310 706 435 790 lantur3
456 727 592 788 quacum
611 727 645 769 re
665 705 815 790 congruit
830 705 926 770 etiam
942 705 1028 789 quod
1043 709 1126 769 teste
1141 703 1239 769 Suida
1253 705 1291 769 de
1312 707 1489 792 geometria

309 812 410 876 libros
434 811 627 898 composuit,
650 812 683 875 id
706 811 792 896 quod
811 812 890 875 item
907 815 1041 876 nonest
1060 809 1238 876 Christiani
1255 812 1387 877 illorum
1405 818 1484 877 tem-

308 941 424 1003 porum
457 918 643 983 sacerdotis.
703 916 773 981 Iam
805 939 880 981 vero
913 918 1026 981 cecidit
1057 916 1181 982 Flachii
1214 919 1397 984 coniectura
1433 920 1484 984 his

308 1026 426 1109 prioris
449 1025 622 1110 fragmenti
646 1023 752 1089 verbis
775 1024 969 1108 comparatis
992 1022 1037 1111 (p.
1056 1024 1133 1108 418,
1155 1020 1226 1110 17):
1263 1026 1484 1110 φαντάζονται

308 1134 371 1218 γάρ
398 1130 453 1197 καὶ
483 1126 576 1198 οὗτοι
600 1132 635 1196 oc‘
656 1130 717 1208 ἔξω
741 1129 1006 1196 ἀποκατάστασιν
1029 1134 1099 1217 καί,
1122 1126 1225 1215 οἶμαι,
1248 1132 1293 1196 τὰ
1316 1130 1485 1220 ἡμέτερα

308 1240 483 1323 δόγματα
505 1237 838 1323 σφετερισάμενοι
858 1235 1015 1319 λέγουσιν
1032 1246 1142 1320 τοῦτο,
1161 1238 1222 1319 τὴν
1242 1240 1405 1304 ἔκπτωσιν
1422 1249 1483 1304 τοῦ
1615 1286 1620 1292 -

309 1346 406 1429 Λὸάμ
433 1353 491 1428 τῆς
520 1344 556 1409 ἐν
584 1353 630 1431 τῷ
658 1344 848 1432 παραδείσῳ
872 1344 1052 1427 διαγωγῆς,
1082 1343 1123 1426 ἣν
1147 1344 1317 1428 διαγωγὴν
1339 1343 1394 1410 καὶ
1417 1354 1483 1430 πῦρ

312 1450 400 1533 λέγει
427 1451 510 1535 τάχα
537 1449 600 1516 aci.
655 1449 804 1514 Alterum
832 1453 940 1514 autem
967 1450 1183 1534 fragmentum
1210 1472 1287 1515 voce
1314 1452 1422 1529 άλλως
1444 1452 1484 1516 si·

308 1561 443 1642 gnatum
466 1579 537 1621 cum
560 1558 667 1641 priore
690 1557 738 1621 ita
760 1555 920 1643 congruit,
944 1560 982 1620 ut
1004 1555 1119 1640 procul
1141 1556 1239 1621 dubio
1263 1562 1319 1622 aut
1342 1558 1483 1622 eiusdem

308 1665 352 1728 sit
370 1664 511 1729 auctoris
530 1668 586 1728 aut
605 1668 790 1747 excerptum
809 1686 847 1727 ex
867 1663 977 1727 eodem
991 1663 1089 1727 fonte.
1121 1661 1232 1727 Fidem
1245 1668 1379 1748 propter
1393 1662 1483 1730 Chri·

308 1771 446 1835 stianam
466 1772 504 1835 de
522 1768 748 1836 Choeroboscc
767 1770 959 1856 cogitaverit
983 1770 1055 1853 quis
1078 1769 1334 1855 fragmentorum
1353 1775 1483 1836 auctore

307 1876 434 1942 collatis
462 1899 543 1961 quae
571 1900 668 1960 supra
695 1877 930 1960 disputavimus
953 1898 983 1959 p.
1003 1875 1055 1940 29.
1102 1874 1164 1941 Sed
1186 1876 1290 1940 facere
1313 1877 1375 1941 hoc
1397 1882 1483 1943 veta-

307 2007 393 2070 mur,
426 1984 512 2068 quod
544 2005 723 2067 anonymus
751 1984 786 2047 in
813 2005 908 2048 usum
934 1982 1062 2046 vocavit
1092 1981 1215 2047 scholia
1242 1982 1362 2069 Procli3
1393 1983 1483 2048 velut

306 2091 401 2155 initio
432 2091 602 2174 utriusque
633 2089 807 2175 fragmenti
843 2093 1136 2154 commemorantur
1173 2090 1365 2174 sententiae,
1402 2112 1481 2175 quas

309 2197 480 2261 exhibeant
504 2198 540 2261 ot
552 2200 767 2261 Πλατωνικοί
786 2196 838 2259 vel
861 2197 896 2260 ot
911 2194 987 2280 περὶ
1002 2195 1180 2281 Πλάτωνα;
1205 2200 1281 2260 sunt
1300 2196 1482 2284 allegorica,

307 2303 415 2386 qualia
433 2303 536 2367 multa
556 2303 639 2387 apud
652 2301 817 2388 Proclum3
840 2302 873 2366 in
893 2302 997 2367 medio
1016 2302 1124 2386 priore
1142 2304 1323 2389 fragmento
1341 2301 1385 2390 (p.
1400 2301 1480 2390 417)

305 2409 384 2474 haec
398 2408 565 2496 leguntur:
584 2410 627 2492 ἣν
646 2404 683 2474 dl
701 2410 881 2493 μετάθεσιν
899 2410 1027 2493 κλοπὴν
1045 2409 1133 2492 λέγει
1153 2408 1348 2495 ὁἩσίοὸος,
1367 2417 1481 2487 καθὼς

305 2515 369 2581 καὶ
390 2520 554 2605 Πρόκλῳ
580 2518 678 2582 δοκεῖ.
715 2515 809 2581 Nihil
831 2537 909 2602 ergo
929 2520 987 2603 est,
1006 2538 1062 2581 our
1080 2538 1146 2581 non
1164 2539 1203 2581 ex
1221 2502 1273 2582 his
1291 2517 1481 2602 fragmentis

307 2624 428 2708 omnia,
455 2645 536 2707 quac
563 2623 666 2689 adhuc
693 2624 728 2688 in
754 2622 861 2689 Procli
889 2624 1079 2709 fragmentis
1106 2646 1173 2688 non
1194 2624 1390 2711 invenimus,
1412 2624 1480 2688 eius

307 2730 437 2794 scholiis
462 2731 623 2796 addamus.

790 3136 913 3222 Oaput
935 3137 994 3202 III.

474 3305 520 3373 lle
549 3303 692 3392 Operum
719 3304 876 3375 versibus
905 3304 946 3375 ab
974 3305 1126 3392 antiquis
1153 3303 1314 3375 laudatis.

880 3459 907 3524 1,
937 3505 939 3508 ,

395 3580 578 3646 Monuerim
600 3605 650 3647 me
672 3582 735 3657 hoc
753 3581 867 3669 capite,
886 3584 947 3648 etsi
966 3583 1083 3668 omnia,
1102 3588 1258 3667 quantum
1275 3585 1377 3669 potui,
1394 3586 1479 3647 vete-

304 3710 376 3752 rum
395 3693 562 3753 auctorum
580 3688 741 3754 Hesiodea
763 3690 889 3777 collegi,
911 3695 1020 3755 tamen
1038 3690 1165 3755 omissis
1185 3690 1231 3754 eis
1249 3689 1338 3776 locis,
1360 3689 1478 3773 quibus

303 3794 356 3858 vel
383 3796 449 3860 suis
477 3797 584 3861 verbis
617 3797 820 3862 adumbravit
853 3796 971 3882 aliquis
1004 3801 1116 3861 auctor
1144 3797 1338 3861 sententiam
1365 3795 1478 3860 Hesio-

304 3902 396 3968 dcam
424 3902 475 3968 vel
497 3926 609 3970 versus
633 3905 701 3969 eius
723 3905 870 3970 imitatus
893 3907 953 3991 est,
975 3925 1029 3968 eos
1051 3904 1295 3989 propositurum
1319 3923 1398 3987 esse,
1419 3901 1477 3965 ubi

303 4009 355 4073 vel
385 4010 456 4094 ipsa
487 4011 585 4075 verba
616 4010 668 4075 vel
699 4033 810 4076 versus
838 4011 929 4076 allati
961 4014 1038 4074 sunt
1069 4009 1212 4075 Hesiodi.
1266 4008 1311 4073 Et
1342 4029 1383 4072 ne
1414 4007 1476 4071 hoc

304 4116 432 4199 quidem
464 4116 568 4180 facere
590 4116 696 4181 visum
723 4122 786 4203 est,
818 4118 874 4182 ubi
902 4117 986 4182 nihil
1013 4116 1098 4181 inest
1129 4117 1165 4180 in
1194 4115 1381 4181 testimonio
1411 4114 1477 4178 nisi
1540 4154 1544 4163 ·

303 4221 368 4308 legi
396 4222 480 4306 apud
507 4221 685 4286 Hesiodum
712 4223 846 4288 verbum
874 4223 1040 4307 quodlibet
1067 4222 1225 4287 librorum
1251 4243 1379 4307 quoque
1401 4243 1475 4285 mss.

303 4329 458 4393 memoria
490 4328 613 4412 reliqua
645 4328 726 4393 bene
755 4320 932 4414 firmatum;
960 4351 1041 4414 quos
1068 4329 1157 4394 locos
1186 4349 1286 4413 aeque
1314 4327 1475 4392 omittam.

302 4434 450 4519 Denique
467 4436 566 4500 missa
584 4435 649 4499 iam
667 4435 819 4500 faciemus
842 4436 1038 4523 testimonia,
1060 4456 1142 4519 quae
1165 4439 1293 4498 exstant
1316 4434 1350 4498 in
1367 4432 1476 4497 Procli
