<?xml version="1.0" encoding="UTF-8"?>
<!DOCTYPE html PUBLIC "-//W3C//DTD XHTML 1.0 Transitional//EN"
    "http://www.w3.org/TR/xhtml1/DTD/xhtml1-transitional.dtd">
<html xmlns="http://www.w3.org/1999/xhtml" xml:lang="en" lang="en">
 <head>
  <title>
</title>
<meta http-equiv="Content-Type" content="text/html;charset=utf-8" />
  <meta name='ocr-system' content='tesseract 3.04.00' />
  <meta name='ocr-capabilities' content='ocr_page ocr_carea ocr_par ocr_line ocrx_word'/>
</head>
<body>
  <div class='ocr_page' id='page_1' title='image "./studiahesiodeas01dimigoog_0017.png"; bbox 0 0 3342 5168; ppageno 0'>
   <div class='ocr_carea' id='block_1_1' title="bbox 285 343 1213 414">
    <p class='ocr_par' dir='ltr' id='par_1_1' title="bbox 285 343 1213 414">
     <span class='ocr_line' id='line_1_1' title="bbox 285 343 1213 414; baseline 0 -15"><span class='ocrx_word' id='word_1_1' title='bbox 285 348 304 411; x_wconf 87' lang='lat'>8</span> <span class='ocrx_word' id='word_1_2' title='bbox 523 344 664 410; x_wconf 85' lang='lat' dir='ltr'>Quantum</span> <span class='ocrx_word' id='word_1_3' title='bbox 681 344 809 399; x_wconf 88' lang='lat' dir='ltr'>noverint</span> <span class='ocrx_word' id='word_1_4' title='bbox 827 343 938 414; x_wconf 77' lang='lat' dir='ltr'><strong>antiqui</strong></span> <span class='ocrx_word' id='word_1_5' title='bbox 955 344 1074 398; x_wconf 88' lang='lat' dir='ltr'>lectores</span> <span class='ocrx_word' id='word_1_6' title='bbox 1093 360 1213 399; x_wconf 90' lang='lat' dir='ltr'>carmen.</span> 
     </span>
    </p>
   </div>
   <div class='ocr_carea' id='block_1_2' title="bbox 238 506 1454 2610">
    <p class='ocr_par' dir='ltr' id='par_1_2' title="bbox 238 506 1454 2610">
     <span class='ocr_line' id='line_1_2' title="bbox 372 506 1449 591; baseline -0.001 -18"><span class='ocrx_word' id='word_1_7' title='bbox 372 508 484 573; x_wconf 86' lang='lat' dir='ltr'><strong>Finem</strong></span> <span class='ocrx_word' id='word_1_8' title='bbox 509 507 624 572; x_wconf 88' lang='lat' dir='ltr'>faciam</span> <span class='ocrx_word' id='word_1_9' title='bbox 645 506 741 571; x_wconf 89' lang='lat' dir='ltr'>huius</span> <span class='ocrx_word' id='word_1_10' title='bbox 764 507 880 591; x_wconf 81' lang='lat' dir='ltr'>partis,</span> <span class='ocrx_word' id='word_1_11' title='bbox 908 507 936 570; x_wconf 89' lang='lat' dir='ltr'>si</span> <span class='ocrx_word' id='word_1_12' title='bbox 957 528 1058 590; x_wconf 87' lang='lat' dir='ltr'>pauca</span> <span class='ocrx_word' id='word_1_13' title='bbox 1080 506 1188 570; x_wconf 86' lang='lat' dir='ltr'>dixero</span> <span class='ocrx_word' id='word_1_14' title='bbox 1212 506 1250 570; x_wconf 93' lang='lat' dir='ltr'>de</span> <span class='ocrx_word' id='word_1_15' title='bbox 1272 506 1449 572; x_wconf 88' lang='lat' dir='ltr'>Prooemio.</span> 
     </span>
     <span class='ocr_line' id='line_1_3' title="bbox 283 611 1451 700; baseline -0.001 -21"><span class='ocrx_word' id='word_1_16' title='bbox 283 613 355 679; x_wconf 90' lang='lat' dir='ltr'>Hoc</span> <span class='ocrx_word' id='word_1_17' title='bbox 375 614 461 679; x_wconf 93' lang='lat' dir='ltr'>enim</span> <span class='ocrx_word' id='word_1_18' title='bbox 479 635 552 678; x_wconf 90' lang='lat' dir='ltr'>eum</span> <span class='ocrx_word' id='word_1_19' title='bbox 565 613 720 677; x_wconf 88' lang='lat' dir='ltr'>traditum</span> <span class='ocrx_word' id='word_1_20' title='bbox 735 613 779 676; x_wconf 90' lang='lat' dir='ltr'>sit</span> <span class='ocrx_word' id='word_1_21' title='bbox 796 613 888 677; x_wconf 91' lang='lat' dir='ltr'>obelo</span> <span class='ocrx_word' id='word_1_22' title='bbox 902 613 1065 677; x_wconf 87' lang='lat' dir='ltr'>notavisse</span> <span class='ocrx_word' id='word_1_23' title='bbox 1078 611 1311 700; x_wconf 82' lang='lat' dir='ltr'>Aristarchum,</span> <span class='ocrx_word' id='word_1_24' title='bbox 1325 616 1451 678; x_wconf 86' lang='lat' dir='ltr'>constat</span> 
     </span>
     <span class='ocr_line' id='line_1_4' title="bbox 238 717 1450 807; baseline -0.002 -22"><span class='ocrx_word' id='word_1_25' title='bbox 238 803 240 807; x_wconf 10' lang='lat'><strong>¹</strong></span> <span class='ocrx_word' id='word_1_26' title='bbox 283 721 376 785; x_wconf 86' lang='lat' dir='ltr'>illum</span> <span class='ocrx_word' id='word_1_27' title='bbox 398 720 526 785; x_wconf 88' lang='lat' dir='ltr'>novisse</span> <span class='ocrx_word' id='word_1_28' title='bbox 549 741 603 783; x_wconf 87' lang='lat' dir='ltr'>eos</span> <span class='ocrx_word' id='word_1_29' title='bbox 625 740 745 785; x_wconf 85' lang='lat' dir='ltr'>versus.</span> <span class='ocrx_word' id='word_1_30' title='bbox 781 718 870 784; x_wconf 88' lang='lat' dir='ltr'><strong>Idem</strong></span> <span class='ocrx_word' id='word_1_31' title='bbox 892 720 979 784; x_wconf 88' lang='lat' dir='ltr'>valet</span> <span class='ocrx_word' id='word_1_32' title='bbox 1001 719 1090 784; x_wconf 91' lang='lat' dir='ltr'>etde</span> <span class='ocrx_word' id='word_1_33' title='bbox 1109 719 1164 805; x_wconf 84' lang='lat' dir='ltr'>eis,</span> <span class='ocrx_word' id='word_1_34' title='bbox 1187 741 1268 803; x_wconf 90' lang='lat' dir='ltr'>quae</span> <span class='ocrx_word' id='word_1_35' title='bbox 1287 717 1450 784; x_wconf 86' lang='lat' dir='ltr'>dePraxi-</span> 
     </span>
     <span class='ocr_line' id='line_1_5' title="bbox 283 823 1451 912; baseline -0.001 -22"><span class='ocrx_word' id='word_1_36' title='bbox 283 826 388 911; x_wconf 92' lang='lat' dir='ltr'>phane</span> <span class='ocrx_word' id='word_1_37' title='bbox 415 826 450 889; x_wconf 92' lang='lat' dir='ltr'>in</span> <span class='ocrx_word' id='word_1_38' title='bbox 479 825 610 890; x_wconf 76' lang='lat' dir='ltr'>scholiis</span> <span class='ocrx_word' id='word_1_39' title='bbox 633 826 785 910; x_wconf 89' lang='lat' dir='ltr'>leguntur</span> <span class='ocrx_word' id='word_1_40' title='bbox 793 823 832 912; x_wconf 90' lang='lat'>1):</span> <span class='ocrx_word' id='word_1_41' title='bbox 861 827 969 911; x_wconf 81' lang='grc' dir='ltr'><em>ὥσπερ</em></span> <span class='ocrx_word' id='word_1_42' title='bbox 992 828 1086 892; x_wconf 77' lang='grc' dir='ltr'><em>ἄλλοι</em></span> <span class='ocrx_word' id='word_1_43' title='bbox 1110 849 1144 890; x_wconf 82' lang='grc' dir='ltr'>τε</span> <span class='ocrx_word' id='word_1_44' title='bbox 1166 824 1221 890; x_wconf 79' lang='grc' dir='ltr'>καὶ</span> <span class='ocrx_word' id='word_1_45' title='bbox 1242 824 1451 911; x_wconf 80' lang='grc' dir='ltr'><strong><em>Ἀρίσταρχος</em></strong></span> 
     </span>
     <span class='ocr_line' id='line_1_6' title="bbox 284 930 1451 1017; baseline -0.003 -19"><span class='ocrx_word' id='word_1_46' title='bbox 284 933 441 1017; x_wconf 80' lang='grc' dir='ltr'><em>ὀβελίζωυ</em></span> <span class='ocrx_word' id='word_1_47' title='bbox 473 935 552 1009; x_wconf 75' lang='grc' dir='ltr'><em>τοὺς</em></span> <span class='ocrx_word' id='word_1_48' title='bbox 583 935 730 1015; x_wconf 82' lang='grc' dir='ltr'><em>στίχους,</em></span> <span class='ocrx_word' id='word_1_49' title='bbox 762 930 817 997; x_wconf 79' lang='grc' dir='ltr'>καὶ</span> <span class='ocrx_word' id='word_1_50' title='bbox 845 931 1062 1017; x_wconf 78' lang='grc' dir='ltr'><em>Πραξιφάνης</em></span> <span class='ocrx_word' id='word_1_51' title='bbox 1095 933 1113 998; x_wconf 83' lang='grc' dir='ltr'>ὁ</span> <span class='ocrx_word' id='word_1_52' title='bbox 1143 942 1202 998; x_wconf 81' lang='grc' dir='ltr'>τοῦ</span> <span class='ocrx_word' id='word_1_53' title='bbox 1235 931 1451 1015; x_wconf 79' lang='grc' dir='ltr'><em>Θεοφράστου</em></span> 
     </span>
     <span class='ocr_line' id='line_1_7' title="bbox 284 1033 1451 1124; baseline -0.002 -20"><span class='ocrx_word' id='word_1_54' title='bbox 284 1040 449 1124; x_wconf 77' lang='grc' dir='ltr'>μαθητής,</span> <span class='ocrx_word' id='word_1_55' title='bbox 482 1034 566 1122; x_wconf 74' lang='grc' dir='ltr'>μηδὲ</span> <span class='ocrx_word' id='word_1_56' title='bbox 591 1047 690 1103; x_wconf 83' lang='grc' dir='ltr'><em>τοῦτο</em></span> <span class='ocrx_word' id='word_1_57' title='bbox 718 1037 912 1122; x_wconf 78' lang='grc' dir='ltr'><em>ἀγνοοῦμεν.</em></span> <span class='ocrx_word' id='word_1_58' title='bbox 958 1033 1055 1116; x_wconf 82' lang='grc' dir='ltr'><em>οὗτος</em></span> <span class='ocrx_word' id='word_1_59' title='bbox 1081 1036 1193 1123; x_wconf 81' lang='grc' dir='ltr'><em>μέντοι</em></span> <span class='ocrx_word' id='word_1_60' title='bbox 1220 1035 1275 1102; x_wconf 84' lang='grc' dir='ltr'>καὶ</span> <span class='ocrx_word' id='word_1_61' title='bbox 1303 1036 1451 1121; x_wconf 81' lang='grc' dir='ltr'><strong><em>ἐντυχεῖν</em></strong></span> 
     </span>
     <span class='ocr_line' id='line_1_8' title="bbox 286 1142 1451 1233; baseline -0.002 -23"><span class='ocrx_word' id='word_1_62' title='bbox 286 1162 389 1230; x_wconf 81' lang='grc' dir='ltr'><em>φησιν</em></span> <span class='ocrx_word' id='word_1_63' title='bbox 416 1144 662 1232; x_wconf 74' lang='grc' dir='ltr'><em>ἄπροοιμιαστῷ</em></span> <span class='ocrx_word' id='word_1_64' title='bbox 690 1152 735 1232; x_wconf 75' lang='grc' dir='ltr'>τῷ</span> <span class='ocrx_word' id='word_1_65' title='bbox 762 1147 881 1232; x_wconf 74' lang='grc' dir='ltr'><em>βιβλίῳ</em></span> <span class='ocrx_word' id='word_1_66' title='bbox 909 1143 964 1208; x_wconf 77' lang='grc' dir='ltr'>καὶ</span> <span class='ocrx_word' id='word_1_67' title='bbox 987 1143 1157 1233; x_wconf 74' lang='grc' dir='ltr'><em>ἀρχομένῳ</em></span> <span class='ocrx_word' id='word_1_68' title='bbox 1180 1142 1281 1229; x_wconf 75' lang='grc' dir='ltr'><em>χωρὶς</em></span> <span class='ocrx_word' id='word_1_69' title='bbox 1302 1152 1361 1228; x_wconf 73' lang='grc' dir='ltr'>τῆς</span> <span class='ocrx_word' id='word_1_70' title='bbox 1384 1142 1451 1208; x_wconf 79' lang='grc' dir='ltr'><strong><em>ἐπι-</em></strong></span> 
     </span>
     <span class='ocr_line' id='line_1_9' title="bbox 284 1246 1452 1335; baseline -0.003 -19"><span class='ocrx_word' id='word_1_71' title='bbox 284 1254 429 1335; x_wconf 76' lang='grc' dir='ltr'><strong><em>κλήσεως</em></strong></span> <span class='ocrx_word' id='word_1_72' title='bbox 451 1260 519 1315; x_wconf 67' lang='lat' dir='ltr'>rav</span> <span class='ocrx_word' id='word_1_73' title='bbox 541 1254 693 1314; x_wconf 80' lang='grc' dir='ltr'><em>Μουσῶν</em></span> <span class='ocrx_word' id='word_1_74' title='bbox 716 1248 885 1314; x_wconf 75' lang='grc' dir='ltr'><strong><em>ἐντεῦθεν·</em></strong></span> <span class='ocrx_word' id='word_1_75' title='bbox 925 1249 995 1314; x_wconf 86' lang='grc' dir='ltr'>Οὐκ</span> <span class='ocrx_word' id='word_1_76' title='bbox 1017 1251 1080 1334; x_wconf 76' lang='grc' dir='ltr'>ἄρα</span> <span class='ocrx_word' id='word_1_77' title='bbox 1103 1259 1231 1333; x_wconf 82' lang='grc' dir='ltr'><em>μοῦνον</em></span> <span class='ocrx_word' id='word_1_78' title='bbox 1253 1246 1316 1313; x_wconf 71' lang='lat' dir='ltr'>uri.</span> <span class='ocrx_word' id='word_1_79' title='bbox 1361 1247 1452 1325; x_wconf 82' lang='lat' dir='ltr'>Quod</span> 
     </span>
     <span class='ocr_line' id='line_1_10' title="bbox 285 1352 1452 1442; baseline -0.002 -20"><span class='ocrx_word' id='word_1_80' title='bbox 285 1360 334 1422; x_wconf 89' lang='lat' dir='ltr'>est</span> <span class='ocrx_word' id='word_1_81' title='bbox 357 1356 592 1442; x_wconf 83' lang='lat' dir='ltr'>gravissimum.</span> <span class='ocrx_word' id='word_1_82' title='bbox 628 1354 741 1419; x_wconf 80' lang='lat' dir='ltr'>Fuisse</span> <span class='ocrx_word' id='word_1_83' title='bbox 764 1358 897 1438; x_wconf 91' lang='lat' dir='ltr'>apparet</span> <span class='ocrx_word' id='word_1_84' title='bbox 919 1354 1132 1438; x_wconf 86' lang='lat' dir='ltr'>Praxiphanis</span> <span class='ocrx_word' id='word_1_85' title='bbox 1157 1358 1261 1419; x_wconf 89' lang='lat' dir='ltr'>aetate</span> <span class='ocrx_word' id='word_1_86' title='bbox 1284 1352 1452 1439; x_wconf 79' lang='grc' dir='ltr'><em>ἀκέφαλον</em></span> 
     </span>
     <span class='ocr_line' id='line_1_11' title="bbox 285 1458 1453 1548; baseline -0.003 -20"><span class='ocrx_word' id='word_1_87' title='bbox 285 1464 426 1547; x_wconf 75' lang='lat' dir='ltr'>aliquem</span> <span class='ocrx_word' id='word_1_88' title='bbox 458 1462 586 1526; x_wconf 87' lang='lat' dir='ltr'>librum.</span> <span class='ocrx_word' id='word_1_89' title='bbox 630 1459 761 1547; x_wconf 78' lang='lat' dir='ltr'>„simsse</span> <span class='ocrx_word' id='word_1_90' title='bbox 794 1460 953 1544; x_wconf 80' lang='lat' dir='ltr'><strong>quoddam</strong></span> <span class='ocrx_word' id='word_1_91' title='bbox 985 1459 1042 1548; x_wconf 89' lang='lat' dir='ltr'>(so.</span> <span class='ocrx_word' id='word_1_92' title='bbox 1075 1458 1249 1547; x_wconf 84' lang='lat' dir='ltr'>exemplar)</span> <span class='ocrx_word' id='word_1_93' title='bbox 1277 1460 1453 1525; x_wconf 81' lang='lat' dir='ltr'><strong>Pausaniae</strong></span> 
     </span>
     <span class='ocr_line' id='line_1_12' title="bbox 285 1565 1453 1655; baseline -0.003 -21"><span class='ocrx_word' id='word_1_94' title='bbox 285 1571 509 1634; x_wconf 86' lang='lat' dir='ltr'>monstrarunt</span> <span class='ocrx_word' id='word_1_95' title='bbox 544 1567 660 1633; x_wconf 77' lang='lat' dir='ltr'>Boeoti</span> <span class='ocrx_word' id='word_1_96' title='bbox 691 1566 876 1632; x_wconf 86' lang='lat' dir='ltr'>Heliconii“</span> <span class='ocrx_word' id='word_1_97' title='bbox 912 1567 993 1631; x_wconf 80' lang='lat' dir='ltr'>dixit</span> <span class='ocrx_word' id='word_1_98' title='bbox 1030 1568 1065 1631; x_wconf 91' lang='lat' dir='ltr'>in</span> <span class='ocrx_word' id='word_1_99' title='bbox 1101 1567 1325 1632; x_wconf 89' lang='lat' dir='ltr'>dissertatione</span> <span class='ocrx_word' id='word_1_100' title='bbox 1336 1565 1363 1655; x_wconf 76' lang='grc'>2)</span> <span class='ocrx_word' id='word_1_101' title='bbox 1395 1589 1453 1631; x_wconf 89' lang='lat' dir='ltr'>sua</span> 
     </span>
     <span class='ocr_line' id='line_1_13' title="bbox 284 1671 1453 1762; baseline -0.003 -22"><span class='ocrx_word' id='word_1_102' title='bbox 284 1676 447 1762; x_wconf 87' lang='lat' dir='ltr'>Heyerus‚</span> <span class='ocrx_word' id='word_1_103' title='bbox 474 1674 557 1738; x_wconf 91' lang='lat' dir='ltr'>inter</span> <span class='ocrx_word' id='word_1_104' title='bbox 584 1674 726 1757; x_wconf 88' lang='lat' dir='ltr'>reliquos</span> <span class='ocrx_word' id='word_1_105' title='bbox 750 1673 790 1738; x_wconf 90' lang='lat' dir='ltr'>ad</span> <span class='ocrx_word' id='word_1_106' title='bbox 812 1696 922 1738; x_wconf 81' lang='lat' dir='ltr'>verum</span> <span class='ocrx_word' id='word_1_107' title='bbox 944 1674 1118 1758; x_wconf 82' lang='lat' dir='ltr'>proximus.</span> <span class='ocrx_word' id='word_1_108' title='bbox 1165 1671 1227 1737; x_wconf 81' lang='lat' dir='ltr'>Sed</span> <span class='ocrx_word' id='word_1_109' title='bbox 1248 1695 1304 1738; x_wconf 90' lang='lat' dir='ltr'>our</span> <span class='ocrx_word' id='word_1_110' title='bbox 1328 1672 1453 1737; x_wconf 89' lang='lat' dir='ltr'>simile</span> 
     </span>
     <span class='ocr_line' id='line_1_14' title="bbox 285 1778 1452 1865; baseline -0.002 -20"><span class='ocrx_word' id='word_1_111' title='bbox 285 1780 433 1845; x_wconf 81' lang='lat' dir='ltr'>tantum?</span> <span class='ocrx_word' id='word_1_112' title='bbox 480 1779 596 1856; x_wconf 79' lang='lat' dir='ltr'>Quidni</span> <span class='ocrx_word' id='word_1_113' title='bbox 628 1780 714 1845; x_wconf 90' lang='lat' dir='ltr'>dicas</span> <span class='ocrx_word' id='word_1_114' title='bbox 742 1780 841 1844; x_wconf 91' lang='lat' dir='ltr'>idem</span> <span class='ocrx_word' id='word_1_115' title='bbox 868 1780 1014 1863; x_wconf 80' lang='lat' dir='ltr'>ipsum?</span> <span class='ocrx_word' id='word_1_116' title='bbox 1060 1778 1212 1845; x_wconf 74' lang='lat' dir='ltr'>Credisne</span> <span class='ocrx_word' id='word_1_117' title='bbox 1240 1779 1278 1843; x_wconf 92' lang='lat' dir='ltr'>de</span> <span class='ocrx_word' id='word_1_118' title='bbox 1305 1779 1452 1865; x_wconf 88' lang='lat' dir='ltr'>gregario</span> 
     </span>
     <span class='ocr_line' id='line_1_15' title="bbox 287 1884 1452 1970; baseline -0.002 -20"><span class='ocrx_word' id='word_1_119' title='bbox 287 1887 433 1970; x_wconf 90' lang='lat' dir='ltr'>quolibet</span> <span class='ocrx_word' id='word_1_120' title='bbox 459 1886 544 1950; x_wconf 92' lang='lat' dir='ltr'>libro</span> <span class='ocrx_word' id='word_1_121' title='bbox 572 1886 670 1950; x_wconf 89' lang='lat' dir='ltr'>verba</span> <span class='ocrx_word' id='word_1_122' title='bbox 696 1886 856 1950; x_wconf 87' lang='lat' dir='ltr'>facturum</span> <span class='ocrx_word' id='word_1_123' title='bbox 879 1886 979 1950; x_wconf 85' lang='lat' dir='ltr'>fuisse</span> <span class='ocrx_word' id='word_1_124' title='bbox 1002 1885 1217 1970; x_wconf 78' lang='lat' dir='ltr'>Theophrasti</span> <span class='ocrx_word' id='word_1_125' title='bbox 1240 1884 1452 1968; x_wconf 80' lang='lat' dir='ltr'>discipulum?</span> 
     </span>
     <span class='ocr_line' id='line_1_16' title="bbox 285 1992 1452 2078; baseline -0.002 -20"><span class='ocrx_word' id='word_1_126' title='bbox 285 1992 402 2058; x_wconf 87' lang='lat' dir='ltr'>Nonne</span> <span class='ocrx_word' id='word_1_127' title='bbox 423 1992 533 2075; x_wconf 90' lang='lat' dir='ltr'>potius</span> <span class='ocrx_word' id='word_1_128' title='bbox 552 1992 590 2056; x_wconf 93' lang='lat' dir='ltr'>de</span> <span class='ocrx_word' id='word_1_129' title='bbox 609 2014 656 2077; x_wconf 82' lang='lat' dir='ltr'>eo,</span> <span class='ocrx_word' id='word_1_130' title='bbox 679 1993 769 2056; x_wconf 91' lang='lat' dir='ltr'>cuius</span> <span class='ocrx_word' id='word_1_131' title='bbox 789 1993 962 2078; x_wconf 88' lang='lat' dir='ltr'>singularis</span> <span class='ocrx_word' id='word_1_132' title='bbox 980 1992 1134 2076; x_wconf 87' lang='lat' dir='ltr'>quaedam</span> <span class='ocrx_word' id='word_1_133' title='bbox 1154 1992 1328 2057; x_wconf 89' lang='lat' dir='ltr'>auctoritas</span> <span class='ocrx_word' id='word_1_134' title='bbox 1347 1992 1452 2056; x_wconf 80' lang='lat' dir='ltr'>esset?</span> 
     </span>
     <span class='ocr_line' id='line_1_17' title="bbox 286 2097 1454 2182; baseline -0.001 -20"><span class='ocrx_word' id='word_1_135' title='bbox 286 2097 332 2163; x_wconf 86' lang='lat' dir='ltr'>At</span> <span class='ocrx_word' id='word_1_136' title='bbox 356 2098 420 2162; x_wconf 88' lang='lat' dir='ltr'>fuit</span> <span class='ocrx_word' id='word_1_137' title='bbox 442 2098 518 2162; x_wconf 89' lang='lat' dir='ltr'>talis</span> <span class='ocrx_word' id='word_1_138' title='bbox 541 2099 710 2182; x_wconf 93' lang='lat' dir='ltr'>plumbeus</span> <span class='ocrx_word' id='word_1_139' title='bbox 731 2098 785 2163; x_wconf 91' lang='lat' dir='ltr'>ille</span> <span class='ocrx_word' id='word_1_140' title='bbox 803 2099 839 2162; x_wconf 90' lang='lat' dir='ltr'>in</span> <span class='ocrx_word' id='word_1_141' title='bbox 856 2098 1023 2163; x_wconf 91' lang='lat' dir='ltr'>Helicone:</span> <span class='ocrx_word' id='word_1_142' title='bbox 1046 2099 1098 2162; x_wconf 91' lang='lat' dir='ltr'>hic</span> <span class='ocrx_word' id='word_1_143' title='bbox 1115 2099 1200 2163; x_wconf 88' lang='lat' dir='ltr'>inter</span> <span class='ocrx_word' id='word_1_144' title='bbox 1218 2097 1454 2163; x_wconf 82' lang='lat' dir='ltr'>vetustissimae</span> 
     </span>
     <span class='ocr_line' id='line_1_18' title="bbox 286 2204 1454 2289; baseline -0.002 -20"><span class='ocrx_word' id='word_1_145' title='bbox 286 2204 458 2269; x_wconf 86' lang='lat' dir='ltr'>memoriae</span> <span class='ocrx_word' id='word_1_146' title='bbox 485 2208 693 2269; x_wconf 91' lang='lat' dir='ltr'>monumenta</span> <span class='ocrx_word' id='word_1_147' title='bbox 714 2205 907 2289; x_wconf 82' lang='lat' dir='ltr'>habebatur,</span> <span class='ocrx_word' id='word_1_148' title='bbox 936 2205 1021 2269; x_wconf 91' lang='lat' dir='ltr'>hunc</span> <span class='ocrx_word' id='word_1_149' title='bbox 1045 2206 1170 2269; x_wconf 88' lang='lat' dir='ltr'>credere</span> <span class='ocrx_word' id='word_1_150' title='bbox 1191 2204 1267 2269; x_wconf 88' lang='lat' dir='ltr'>licet</span> <span class='ocrx_word' id='word_1_151' title='bbox 1289 2225 1362 2268; x_wconf 91' lang='lat' dir='ltr'>oum</span> <span class='ocrx_word' id='word_1_152' title='bbox 1384 2204 1454 2268; x_wconf 88' lang='lat' dir='ltr'>reli-</span> 
     </span>
     <span class='ocr_line' id='line_1_19' title="bbox 287 2310 1453 2397; baseline 0 -23"><span class='ocrx_word' id='word_1_153' title='bbox 287 2311 382 2397; x_wconf 90' lang='lat' dir='ltr'>gione</span> <span class='ocrx_word' id='word_1_154' title='bbox 410 2311 548 2394; x_wconf 89' lang='lat' dir='ltr'>quadam</span> <span class='ocrx_word' id='word_1_155' title='bbox 575 2314 612 2375; x_wconf 91' lang='lat' dir='ltr'>ut</span> <span class='ocrx_word' id='word_1_156' title='bbox 637 2311 823 2376; x_wconf 87' lang='lat' dir='ltr'>thesaurum</span> <span class='ocrx_word' id='word_1_157' title='bbox 848 2312 1005 2395; x_wconf 91' lang='lat' dir='ltr'>quendam</span> <span class='ocrx_word' id='word_1_158' title='bbox 1028 2312 1238 2376; x_wconf 79' lang='lat' dir='ltr'>custodivisse</span> <span class='ocrx_word' id='word_1_159' title='bbox 1260 2310 1453 2375; x_wconf 76' lang='lat' dir='ltr'>Heliconios.</span> 
     </span>
     <span class='ocr_line' id='line_1_20' title="bbox 287 2415 1454 2501; baseline -0.001 -20"><span class='ocrx_word' id='word_1_160' title='bbox 287 2415 353 2481; x_wconf 80' lang='lat' dir='ltr'>Gur</span> <span class='ocrx_word' id='word_1_161' title='bbox 384 2420 490 2480; x_wconf 90' lang='lat' dir='ltr'>autem</span> <span class='ocrx_word' id='word_1_162' title='bbox 518 2417 634 2481; x_wconf 86' lang='lat' dir='ltr'>afuerit</span> <span class='ocrx_word' id='word_1_163' title='bbox 662 2441 680 2482; x_wconf 89' lang='lat' dir='ltr'>a</span> <span class='ocrx_word' id='word_1_164' title='bbox 707 2418 830 2481; x_wconf 89' lang='lat' dir='ltr'>famoso</span> <span class='ocrx_word' id='word_1_165' title='bbox 858 2419 922 2482; x_wconf 90' lang='lat' dir='ltr'>isto</span> <span class='ocrx_word' id='word_1_166' title='bbox 950 2418 1034 2482; x_wconf 92' lang='lat' dir='ltr'>libro</span> <span class='ocrx_word' id='word_1_167' title='bbox 1064 2418 1281 2501; x_wconf 80' lang='lat' dir='ltr'>Prooemium,</span> <span class='ocrx_word' id='word_1_168' title='bbox 1313 2437 1380 2481; x_wconf 93' lang='lat' dir='ltr'>non</span> <span class='ocrx_word' id='word_1_169' title='bbox 1406 2420 1454 2480; x_wconf 86' lang='lat' dir='ltr'>est</span> 
     </span>
     <span class='ocr_line' id='line_1_21' title="bbox 287 2521 1279 2610; baseline 0 -22"><span class='ocrx_word' id='word_1_170' title='bbox 287 2523 433 2588; x_wconf 90' lang='lat' dir='ltr'>dubium:</span> <span class='ocrx_word' id='word_1_171' title='bbox 458 2523 676 2607; x_wconf 75' lang='lat' dir='ltr'>displicebant</span> <span class='ocrx_word' id='word_1_172' title='bbox 693 2523 870 2588; x_wconf 88' lang='lat' dir='ltr'>Heliconiis</span> <span class='ocrx_word' id='word_1_173' title='bbox 893 2529 1031 2590; x_wconf 85' lang='grc' dir='ltr'><em>Μοῦσαι</em></span> <span class='ocrx_word' id='word_1_174' title='bbox 1054 2521 1279 2610; x_wconf 63' lang='grc' dir='ltr'>Πιερίηθευ.3)</span> 
     </span>
    </p>
   </div>
   <div class='ocr_carea' id='block_1_3' title="bbox 287 2645 1456 3581">
    <p class='ocr_par' dir='ltr' id='par_1_3' title="bbox 287 2645 1456 3581">
     <span class='ocr_line' id='line_1_22' title="bbox 377 2645 1455 2732; baseline -0.002 -21"><span class='ocrx_word' id='word_1_175' title='bbox 377 2645 439 2712; x_wconf 80' lang='lat' dir='ltr'>sed</span> <span class='ocrx_word' id='word_1_176' title='bbox 473 2648 538 2712; x_wconf 89' lang='lat' dir='ltr'>iam</span> <span class='ocrx_word' id='word_1_177' title='bbox 568 2648 684 2712; x_wconf 89' lang='lat' dir='ltr'>missos</span> <span class='ocrx_word' id='word_1_178' title='bbox 715 2648 869 2712; x_wconf 86' lang='lat' dir='ltr'>faciamus</span> <span class='ocrx_word' id='word_1_179' title='bbox 901 2670 973 2712; x_wconf 91' lang='lat' dir='ltr'>cum</span> <span class='ocrx_word' id='word_1_180' title='bbox 1000 2648 1202 2732; x_wconf 82' lang='lat' dir='ltr'>Praxiphane</span> <span class='ocrx_word' id='word_1_181' title='bbox 1228 2645 1455 2731; x_wconf 59' lang='lat' dir='ltr'>Atheniensem</span> 
     </span>
     <span class='ocr_line' id='line_1_23' title="bbox 287 2753 1454 2839; baseline -0.002 -21"><span class='ocrx_word' id='word_1_182' title='bbox 287 2753 555 2839; x_wconf 88' lang='lat' dir='ltr'>progrediendum</span> <span class='ocrx_word' id='word_1_183' title='bbox 577 2757 626 2818; x_wconf 87' lang='lat' dir='ltr'>est</span> <span class='ocrx_word' id='word_1_184' title='bbox 649 2754 689 2818; x_wconf 98' lang='lat' dir='ltr'>ad</span> <span class='ocrx_word' id='word_1_185' title='bbox 711 2755 817 2838; x_wconf 88' lang='lat' dir='ltr'>prisca</span> <span class='ocrx_word' id='word_1_186' title='bbox 839 2755 905 2819; x_wconf 89' lang='lat' dir='ltr'>fere</span> <span class='ocrx_word' id='word_1_187' title='bbox 926 2758 1072 2838; x_wconf 91' lang='lat' dir='ltr'>tempora</span> <span class='ocrx_word' id='word_1_188' title='bbox 1091 2754 1321 2837; x_wconf 86' lang='lat' dir='ltr'>obscuramque</span> <span class='ocrx_word' id='word_1_189' title='bbox 1339 2774 1454 2817; x_wconf 92' lang='lat' dir='ltr'>memo-</span> 
     </span>
     <span class='ocr_line' id='line_1_24' title="bbox 287 2857 1455 2945; baseline -0.001 -22"><span class='ocrx_word' id='word_1_190' title='bbox 287 2859 376 2924; x_wconf 88' lang='lat' dir='ltr'>riam.</span> <span class='ocrx_word' id='word_1_191' title='bbox 414 2857 510 2924; x_wconf 78' lang='lat' dir='ltr'>Oerta</span> <span class='ocrx_word' id='word_1_192' title='bbox 527 2860 580 2924; x_wconf 92' lang='lat' dir='ltr'>hic</span> <span class='ocrx_word' id='word_1_193' title='bbox 598 2859 783 2925; x_wconf 89' lang='lat' dir='ltr'>testimonia</span> <span class='ocrx_word' id='word_1_194' title='bbox 800 2861 869 2925; x_wconf 89' lang='lat' dir='ltr'>noli</span> <span class='ocrx_word' id='word_1_195' title='bbox 885 2864 1080 2945; x_wconf 87' lang='lat' dir='ltr'>exspectare:</span> <span class='ocrx_word' id='word_1_196' title='bbox 1100 2859 1245 2945; x_wconf 80' lang='lat' dir='ltr'>cogimur</span> <span class='ocrx_word' id='word_1_197' title='bbox 1259 2860 1455 2943; x_wconf 87' lang='lat' dir='ltr'>acquiescere</span> 
     </span>
     <span class='ocr_line' id='line_1_25' title="bbox 287 2965 1455 3050; baseline 0 -22"><span class='ocrx_word' id='word_1_198' title='bbox 287 2965 323 3028; x_wconf 90' lang='lat' dir='ltr'>in</span> <span class='ocrx_word' id='word_1_199' title='bbox 344 2965 581 3030; x_wconf 86' lang='lat' dir='ltr'>imitationibus</span> <span class='ocrx_word' id='word_1_200' title='bbox 603 2971 773 3050; x_wconf 91' lang='lat' dir='ltr'>poetarum</span> <span class='ocrx_word' id='word_1_201' title='bbox 795 2969 947 3030; x_wconf 82' lang='lat' dir='ltr'>veterum.</span> <span class='ocrx_word' id='word_1_202' title='bbox 984 2966 1053 3043; x_wconf 79' lang='lat' dir='ltr'>Qua</span> <span class='ocrx_word' id='word_1_203' title='bbox 1076 2967 1111 3029; x_wconf 90' lang='lat' dir='ltr'>in</span> <span class='ocrx_word' id='word_1_204' title='bbox 1132 2989 1167 3031; x_wconf 88' lang='lat' dir='ltr'>re</span> <span class='ocrx_word' id='word_1_205' title='bbox 1189 2966 1245 3030; x_wconf 80' lang='lat' dir='ltr'>vix</span> <span class='ocrx_word' id='word_1_206' title='bbox 1262 2965 1455 3030; x_wconf 89' lang='lat' dir='ltr'>monendum</span> 
     </span>
     <span class='ocr_line' id='line_1_26' title="bbox 288 3070 1455 3156; baseline 0 -22"><span class='ocrx_word' id='word_1_207' title='bbox 288 3071 351 3135; x_wconf 90' lang='lat' dir='ltr'>erit</span> <span class='ocrx_word' id='word_1_208' title='bbox 377 3092 480 3154; x_wconf 88' lang='lat' dir='ltr'>neque</span> <span class='ocrx_word' id='word_1_209' title='bbox 509 3072 588 3135; x_wconf 87' lang='lat' dir='ltr'>satis</span> <span class='ocrx_word' id='word_1_210' title='bbox 615 3072 736 3136; x_wconf 89' lang='lat' dir='ltr'>multos</span> <span class='ocrx_word' id='word_1_211' title='bbox 764 3075 862 3136; x_wconf 90' lang='lat' dir='ltr'>testes</span> <span class='ocrx_word' id='word_1_212' title='bbox 885 3075 1023 3136; x_wconf 89' lang='lat' dir='ltr'>aetatem</span> <span class='ocrx_word' id='word_1_213' title='bbox 1045 3072 1159 3155; x_wconf 87' lang='lat' dir='ltr'>tulisse</span> <span class='ocrx_word' id='word_1_214' title='bbox 1181 3093 1284 3156; x_wconf 90' lang='lat' dir='ltr'>neque</span> <span class='ocrx_word' id='word_1_215' title='bbox 1306 3070 1455 3135; x_wconf 85' lang='lat' dir='ltr'>carminis</span> 
     </span>
     <span class='ocr_line' id='line_1_27' title="bbox 288 3175 1456 3262; baseline -0.001 -21"><span class='ocrx_word' id='word_1_216' title='bbox 288 3175 440 3241; x_wconf 90' lang='lat' dir='ltr'>Hesiodei</span> <span class='ocrx_word' id='word_1_217' title='bbox 471 3180 622 3242; x_wconf 89' lang='lat' dir='ltr'>naturam</span> <span class='ocrx_word' id='word_1_218' title='bbox 654 3200 724 3242; x_wconf 93' lang='lat' dir='ltr'>eam</span> <span class='ocrx_word' id='word_1_219' title='bbox 755 3199 836 3262; x_wconf 83' lang='lat' dir='ltr'>esse,</span> <span class='ocrx_word' id='word_1_220' title='bbox 869 3181 905 3242; x_wconf 91' lang='lat' dir='ltr'>ut</span> <span class='ocrx_word' id='word_1_221' title='bbox 936 3201 993 3262; x_wconf 91' lang='lat' dir='ltr'>per</span> <span class='ocrx_word' id='word_1_222' title='bbox 1025 3200 1135 3243; x_wconf 89' lang='lat' dir='ltr'>omnes</span> <span class='ocrx_word' id='word_1_223' title='bbox 1166 3179 1316 3243; x_wconf 88' lang='lat' dir='ltr'>carminis</span> <span class='ocrx_word' id='word_1_224' title='bbox 1348 3180 1456 3262; x_wconf 88' lang='lat' dir='ltr'>partes</span> 
     </span>
     <span class='ocr_line' id='line_1_28' title="bbox 288 3283 1456 3368; baseline 0.001 -22"><span class='ocrx_word' id='word_1_225' title='bbox 288 3283 468 3347; x_wconf 88' lang='lat' dir='ltr'>imitatores</span> <span class='ocrx_word' id='word_1_226' title='bbox 496 3283 623 3348; x_wconf 91' lang='lat' dir='ltr'>alliciat.</span> <span class='ocrx_word' id='word_1_227' title='bbox 669 3284 872 3348; x_wconf 90' lang='lat' dir='ltr'>Prooemium</span> <span class='ocrx_word' id='word_1_228' title='bbox 900 3288 1006 3349; x_wconf 90' lang='lat' dir='ltr'>autem</span> <span class='ocrx_word' id='word_1_229' title='bbox 1032 3307 1116 3349; x_wconf 89' lang='lat' dir='ltr'>nunc</span> <span class='ocrx_word' id='word_1_230' title='bbox 1139 3289 1188 3349; x_wconf 94' lang='lat' dir='ltr'>est</span> <span class='ocrx_word' id='word_1_231' title='bbox 1210 3306 1343 3368; x_wconf 87' lang='lat' dir='ltr'>prorsus</span> <span class='ocrx_word' id='word_1_232' title='bbox 1367 3305 1456 3367; x_wconf 88' lang='lat' dir='ltr'>sepo-</span> 
     </span>
     <span class='ocr_line' id='line_1_29' title="bbox 288 3389 1456 3475; baseline 0.002 -23"><span class='ocrx_word' id='word_1_233' title='bbox 288 3390 440 3453; x_wconf 90' lang='lat' dir='ltr'>nendum:</span> <span class='ocrx_word' id='word_1_234' title='bbox 469 3389 583 3474; x_wconf 87' lang='lat' dir='ltr'>hymni</span> <span class='ocrx_word' id='word_1_235' title='bbox 610 3391 695 3454; x_wconf 89' lang='lat' dir='ltr'>enim</span> <span class='ocrx_word' id='word_1_236' title='bbox 722 3390 772 3454; x_wconf 88' lang='lat' dir='ltr'>illi</span> <span class='ocrx_word' id='word_1_237' title='bbox 799 3390 994 3455; x_wconf 89' lang='lat' dir='ltr'>carminibus</span> <span class='ocrx_word' id='word_1_238' title='bbox 1019 3391 1195 3456; x_wconf 88' lang='lat' dir='ltr'>maioribus</span> <span class='ocrx_word' id='word_1_239' title='bbox 1218 3391 1340 3475; x_wconf 83' lang='lat' dir='ltr'>praevii</span> <span class='ocrx_word' id='word_1_240' title='bbox 1364 3391 1456 3473; x_wconf 85' lang='lat' dir='ltr'>quasi</span> 
     </span>
     <span class='ocr_line' id='line_1_30' title="bbox 289 3496 1456 3581; baseline 0.002 -23"><span class='ocrx_word' id='word_1_241' title='bbox 289 3518 329 3559; x_wconf 80' lang='lat' dir='ltr'>ex</span> <span class='ocrx_word' id='word_1_242' title='bbox 352 3496 514 3559; x_wconf 91' lang='lat' dir='ltr'>communi</span> <span class='ocrx_word' id='word_1_243' title='bbox 537 3497 674 3580; x_wconf 90' lang='lat' dir='ltr'>quadam</span> <span class='ocrx_word' id='word_1_244' title='bbox 693 3499 860 3579; x_wconf 90' lang='lat' dir='ltr'>poetarum</span> <span class='ocrx_word' id='word_1_245' title='bbox 879 3497 1076 3581; x_wconf 86' lang='lat' dir='ltr'>supellectile</span> <span class='ocrx_word' id='word_1_246' title='bbox 1095 3497 1238 3581; x_wconf 88' lang='lat' dir='ltr'>depromi</span> <span class='ocrx_word' id='word_1_247' title='bbox 1257 3497 1371 3561; x_wconf 89' lang='lat' dir='ltr'>solitos</span> <span class='ocrx_word' id='word_1_248' title='bbox 1389 3518 1456 3560; x_wconf 89' lang='lat' dir='ltr'>esse</span> 
     </span>
    </p>
   </div>
   <div class='ocr_carea' id='block_1_4' title="bbox 290 3601 653 3666">
    <p class='ocr_par' dir='ltr' id='par_1_4' title="bbox 290 3601 653 3666">
     <span class='ocr_line' id='line_1_31' title="bbox 290 3601 653 3666; baseline 0.003 -2"><span class='ocrx_word' id='word_1_249' title='bbox 290 3601 369 3665; x_wconf 88' lang='lat' dir='ltr'>satis</span> <span class='ocrx_word' id='word_1_250' title='bbox 392 3622 502 3665; x_wconf 87' lang='lat' dir='ltr'>omnes</span> <span class='ocrx_word' id='word_1_251' title='bbox 526 3601 653 3666; x_wconf 89' lang='lat' dir='ltr'>scimus.</span> 
     </span>
    </p>
   </div>
   <div class='ocr_carea' id='block_1_5' title="bbox 379 3881 1056 3952">
    <p class='ocr_par' dir='ltr' id='par_1_5' title="bbox 379 3881 1056 3952">
     <span class='ocr_line' id='line_1_32' title="bbox 379 3881 1056 3952; baseline 0.003 -16"><span class='ocrx_word' id='word_1_252' title='bbox 379 3885 405 3952; x_wconf 91' lang='lat'>1)</span> <span class='ocrx_word' id='word_1_253' title='bbox 423 3882 538 3936; x_wconf 92' lang='lat' dir='ltr'>Proclus</span> <span class='ocrx_word' id='word_1_254' title='bbox 557 3881 587 3935; x_wconf 92' lang='lat' dir='ltr'>in</span> <span class='ocrx_word' id='word_1_255' title='bbox 604 3881 809 3952; x_wconf 84' lang='lat' dir='ltr'>prolegomenis</span> <span class='ocrx_word' id='word_1_256' title='bbox 828 3901 855 3951; x_wconf 91' lang='lat' dir='ltr'>p.</span> <span class='ocrx_word' id='word_1_257' title='bbox 871 3888 888 3937; x_wconf 78' lang='lat'>4</span> <span class='ocrx_word' id='word_1_258' title='bbox 907 3883 949 3938; x_wconf 88' lang='lat' dir='ltr'>ed.</span> <span class='ocrx_word' id='word_1_259' title='bbox 970 3882 1056 3938; x_wconf 80' lang='lat' dir='ltr'>Gaias.</span> 
     </span>
    </p>
   </div>
   <div class='ocr_carea' id='block_1_6' title="bbox 379 3987 1455 4059">
    <p class='ocr_par' dir='ltr' id='par_1_6' title="bbox 379 3987 1455 4059">
     <span class='ocr_line' id='line_1_33' title="bbox 379 3987 1455 4059; baseline 0 -17"><span class='ocrx_word' id='word_1_260' title='bbox 379 3991 405 4058; x_wconf 77' lang='lat'>2)</span> <span class='ocrx_word' id='word_1_261' title='bbox 424 3987 483 4057; x_wconf 87' lang='lat' dir='ltr'>„De</span> <span class='ocrx_word' id='word_1_262' title='bbox 510 3988 632 4043; x_wconf 89' lang='lat' dir='ltr'>carmine</span> <span class='ocrx_word' id='word_1_263' title='bbox 659 3988 776 4043; x_wconf 89' lang='lat' dir='ltr'>Hesiodi</span> <span class='ocrx_word' id='word_1_264' title='bbox 803 3990 879 4059; x_wconf 91' lang='lat' dir='ltr'>quod</span> <span class='ocrx_word' id='word_1_265' title='bbox 906 3989 1068 4044; x_wconf 87' lang='lat' dir='ltr'>inscribitur</span> <span class='ocrx_word' id='word_1_266' title='bbox 1096 3989 1188 4058; x_wconf 89' lang='lat' dir='ltr'>Opera</span> <span class='ocrx_word' id='word_1_267' title='bbox 1214 3991 1243 4043; x_wconf 91' lang='lat' dir='ltr'>et</span> <span class='ocrx_word' id='word_1_268' title='bbox 1270 3987 1354 4042; x_wconf 84' lang='lat' dir='ltr'>Dies“</span> <span class='ocrx_word' id='word_1_269' title='bbox 1379 3992 1455 4042; x_wconf 80' lang='grc'>1848.</span> 
     </span>
    </p>
   </div>
   <div class='ocr_carea' id='block_1_7' title="bbox 289 4074 1457 4237">
    <p class='ocr_par' dir='ltr' id='par_1_7' title="bbox 289 4074 1457 4237">
     <span class='ocr_line' id='line_1_34' title="bbox 289 4074 1457 4146; baseline 0.003 -19"><span class='ocrx_word' id='word_1_270' title='bbox 289 4075 363 4129; x_wconf 89' lang='lat' dir='ltr'>Huic</span> <span class='ocrx_word' id='word_1_271' title='bbox 385 4074 482 4130; x_wconf 90' lang='lat' dir='ltr'>libello</span> <span class='ocrx_word' id='word_1_272' title='bbox 506 4076 634 4132; x_wconf 90' lang='lat' dir='ltr'>nonnihil</span> <span class='ocrx_word' id='word_1_273' title='bbox 653 4078 794 4133; x_wconf 90' lang='lat' dir='ltr'>debemus.</span> <span class='ocrx_word' id='word_1_274' title='bbox 828 4079 906 4133; x_wconf 91' lang='lat' dir='ltr'>Idem</span> <span class='ocrx_word' id='word_1_275' title='bbox 923 4078 1002 4133; x_wconf 83' lang='lat' dir='ltr'>valet</span> <span class='ocrx_word' id='word_1_276' title='bbox 1018 4079 1049 4132; x_wconf 91' lang='lat' dir='ltr'>in</span> <span class='ocrx_word' id='word_1_277' title='bbox 1067 4078 1170 4132; x_wconf 90' lang='lat' dir='ltr'>librum</span> <span class='ocrx_word' id='word_1_278' title='bbox 1188 4077 1220 4132; x_wconf 90' lang='lat' dir='ltr'>A.</span> <span class='ocrx_word' id='word_1_279' title='bbox 1241 4075 1363 4146; x_wconf 69' lang='lat' dir='ltr'>sartari,</span> <span class='ocrx_word' id='word_1_280' title='bbox 1387 4075 1457 4146; x_wconf 86' lang='lat' dir='ltr'>„Die</span> 
     </span>
     <span class='ocr_line' id='line_1_35' title="bbox 290 4164 1035 4237; baseline 0.005 -20"><span class='ocrx_word' id='word_1_281' title='bbox 290 4164 393 4218; x_wconf 87' lang='lat' dir='ltr'>Werke</span> <span class='ocrx_word' id='word_1_282' title='bbox 411 4164 470 4217; x_wconf 91' lang='lat' dir='ltr'>und</span> <span class='ocrx_word' id='word_1_283' title='bbox 488 4165 565 4234; x_wconf 84' lang='lat' dir='ltr'>Tage</span> <span class='ocrx_word' id='word_1_284' title='bbox 584 4166 632 4219; x_wconf 90' lang='lat' dir='ltr'>des</span> <span class='ocrx_word' id='word_1_285' title='bbox 651 4165 806 4221; x_wconf 85' lang='lat' dir='ltr'>Hesiodos“</span> <span class='ocrx_word' id='word_1_286' title='bbox 825 4166 940 4237; x_wconf 81' lang='lat' dir='ltr'>Leipzig</span> <span class='ocrx_word' id='word_1_287' title='bbox 959 4172 1035 4222; x_wconf 82' lang='grc'>1869.</span> 
     </span>
    </p>
   </div>
   <div class='ocr_carea' id='block_1_8' title="bbox 290 4269 1458 4520">
    <p class='ocr_par' dir='ltr' id='par_1_8' title="bbox 290 4269 1458 4520">
     <span class='ocr_line' id='line_1_36' title="bbox 380 4269 1458 4342; baseline 0.001 -19"><span class='ocrx_word' id='word_1_288' title='bbox 380 4271 407 4339; x_wconf 83' lang='grc'>3)</span> <span class='ocrx_word' id='word_1_289' title='bbox 426 4269 537 4324; x_wconf 82' lang='lat' dir='ltr'>Summo</span> <span class='ocrx_word' id='word_1_290' title='bbox 566 4288 629 4325; x_wconf 91' lang='lat' dir='ltr'>cum</span> <span class='ocrx_word' id='word_1_291' title='bbox 655 4272 760 4342; x_wconf 87' lang='lat' dir='ltr'>gaudio</span> <span class='ocrx_word' id='word_1_292' title='bbox 788 4272 885 4327; x_wconf 84' lang='lat' dir='ltr'>audivi</span> <span class='ocrx_word' id='word_1_293' title='bbox 912 4274 1030 4328; x_wconf 89' lang='lat' dir='ltr'>eandem</span> <span class='ocrx_word' id='word_1_294' title='bbox 1058 4272 1227 4327; x_wconf 89' lang='lat' dir='ltr'>sententiam</span> <span class='ocrx_word' id='word_1_295' title='bbox 1253 4271 1404 4341; x_wconf 87' lang='lat' dir='ltr'>protulisse</span> <span class='ocrx_word' id='word_1_296' title='bbox 1427 4270 1458 4324; x_wconf 91' lang='lat' dir='ltr'>in</span> 
     </span>
     <span class='ocr_line' id='line_1_37' title="bbox 291 4356 1458 4430; baseline 0.003 -20"><span class='ocrx_word' id='word_1_297' title='bbox 291 4356 394 4411; x_wconf 83' lang='lat' dir='ltr'>scholis</span> <span class='ocrx_word' id='word_1_298' title='bbox 428 4356 485 4411; x_wconf 90' lang='lat' dir='ltr'>suis</span> <span class='ocrx_word' id='word_1_299' title='bbox 518 4358 605 4413; x_wconf 90' lang='lat' dir='ltr'>etiam</span> <span class='ocrx_word' id='word_1_300' title='bbox 633 4360 664 4415; x_wconf 89' lang='grc' dir='ltr'>Ο.</span> <span class='ocrx_word' id='word_1_301' title='bbox 687 4360 885 4416; x_wconf 86' lang='lat' dir='ltr'>Immischium.</span> <span class='ocrx_word' id='word_1_302' title='bbox 927 4361 1019 4416; x_wconf 82' lang='lat' dir='ltr'>Simili</span> <span class='ocrx_word' id='word_1_303' title='bbox 1046 4362 1129 4415; x_wconf 92' lang='lat' dir='ltr'>modo</span> <span class='ocrx_word' id='word_1_304' title='bbox 1157 4363 1257 4430; x_wconf 91' lang='lat' dir='ltr'>postea</span> <span class='ocrx_word' id='word_1_305' title='bbox 1283 4359 1344 4413; x_wconf 82' lang='lat' dir='ltr'>vidi</span> <span class='ocrx_word' id='word_1_306' title='bbox 1371 4358 1458 4414; x_wconf 90' lang='lat' dir='ltr'>etiam</span> 
     </span>
     <span class='ocr_line' id='line_1_38' title="bbox 290 4445 1363 4520; baseline 0.003 -20"><span class='ocrx_word' id='word_1_307' title='bbox 290 4445 412 4501; x_wconf 87' lang='lat' dir='ltr'>Leonem</span> <span class='ocrx_word' id='word_1_308' title='bbox 429 4446 460 4500; x_wconf 89' lang='lat' dir='ltr'>in</span> <span class='ocrx_word' id='word_1_309' title='bbox 477 4447 570 4502; x_wconf 86' lang='lat' dir='ltr'>indice</span> <span class='ocrx_word' id='word_1_310' title='bbox 589 4448 768 4519; x_wconf 78' lang='lat' dir='ltr'>Gottingensi</span> <span class='ocrx_word' id='word_1_311' title='bbox 787 4454 856 4504; x_wconf 86' lang='grc'><strong>1894</strong></span> <span class='ocrx_word' id='word_1_312' title='bbox 873 4449 947 4504; x_wconf 88' lang='lat' dir='ltr'>hane</span> <span class='ocrx_word' id='word_1_313' title='bbox 966 4449 1135 4505; x_wconf 88' lang='lat' dir='ltr'>sententiam</span> <span class='ocrx_word' id='word_1_314' title='bbox 1153 4449 1363 4520; x_wconf 88' lang='lat' dir='ltr'>approbantem.</span> 
     </span>
    </p>
   </div>
   <div class='ocr_carea' id='block_1_9' title="bbox 0 0 1687 5168">
    <p class='ocr_par' dir='ltr' id='par_1_9' title="bbox 0 0 1687 5168">
     <span class='ocr_line' id='line_1_39' title="bbox 0 0 1687 5168; baseline 0 0"><span class='ocrx_word' id='word_1_315' title='bbox 0 0 1687 5168; x_wconf 95' lang='lat' dir='ltr'> </span> 
     </span>
    </p>
   </div>
  </div>
 </body>
</html>
