3366 5168
472 324 635 381 Plutarchei
654 326 691 381 ed
709 327 801 396 Opera
819 326 1014 383 commentarii
1031 327 1198 398 fragmenta.
1360 331 1423 403 101

252 509 380 572 quoque
405 510 444 552 ex
468 490 687 573 sequentibus,
710 489 904 574 ubicumque
923 490 1050 556 Stoicae
1071 490 1286 577 etymologiae
1304 496 1429 559 restant

251 594 420 678 reliquiae:
443 618 473 679 p.
495 596 546 680 77,
567 597 608 660 12
627 596 714 661 adv.
733 596 776 661 52
797 594 1091 684 (τερπικέραυνος),
1110 619 1140 682 Ρ.
1156 599 1208 685 81,
1224 599 1265 663 13
1283 600 1324 664 51
1341 623 1369 665 5.
1384 600 1429 665 54

254 698 440 789 (intuerer),
469 724 500 787 p.
524 703 623 787 92,1
654 702 744 767 515.
766 704 807 767 70
831 698 1088 792 (Ἀμφιγυήεις),
1118 705 1226 770 nescio
1258 727 1300 772 an
1331 707 1429 772 etiam

254 806 420 873 Platonica
451 832 481 892 p.
509 810 552 875 95
581 808 634 897 (51.
663 831 761 894 supra
787 832 817 895 p.
842 808 908 898 97).
964 809 1117 895 Sequitur
1147 811 1238 876 locus
1266 813 1305 877 ad
1332 836 1360 878 5.
1384 814 1427 878 59

253 915 291 979 15
317 915 384 980 risu
413 914 586 981 Sardonico
614 916 700 1001 apud
725 914 876 981 Proclum
898 940 928 1000 p.
948 917 992 983 83
1015 922 1047 981 51
1068 916 1219 987 Eustath.
1248 919 1288 983 ad
1315 917 1427 1004 Odyss.

250 1019 283 1086 Π
299 1021 373 1086 238.
424 1021 473 1086 De
490 1024 774 1109 grammaticorum
793 1022 931 1088 athetesi
949 1023 1078 1088 rettulit
1097 1029 1182 1090 515.
1204 1024 1245 1088 79
1259 1047 1288 1109 p.
1305 1025 1357 1111 96,
1373 1025 1427 1091 16:

252 1127 393 1194 defensio
417 1133 527 1194 utrum
551 1130 591 1194 ad
612 1129 821 1195 Plutarchum
840 1152 882 1195 an
899 1130 939 1196 ad
957 1129 1108 1195 Proclum
1125 1130 1292 1217 referatur,
1310 1132 1426 1197 nescio.

250 1233 365 1321 Inepte
388 1241 438 1301 est
462 1237 642 1303 admodum.
679 1236 872 1303 Plutarchus
891 1238 931 1302 ad
953 1237 1089 1302 eundem
1111 1258 1242 1302 versum
1259 1238 1427 1304 advocavit

251 1340 417 1427 Orphiccs.
452 1380 490 1393 -
524 1342 561 1408 In
593 1343 748 1429 proximis
780 1341 921 1432 (duobus
953 1344 1033 1409 locis
1065 1344 1236 1431 Ρ.100,9
1265 1345 1305 1409 51
1331 1368 1359 1410 v.
1384 1346 1426 1410 89

250 1453 283 1513 et
300 1448 373 1536 105,
386 1450 428 1515 21
449 1451 490 1515 ad
503 1473 528 1515 5.
549 1449 626 1538 104)
646 1473 719 1516 cum
737 1451 879 1516 Homero
898 1451 1097 1535 comparavit
1113 1450 1299 1535 Hesiodum,
1318 1451 1426 1536 priore

249 1556 321 1621 loco
345 1557 526 1642 explicandi
544 1579 649 1645 causa,
672 1557 810 1623 secundo
829 1559 870 1622 ad
887 1558 1114 1623 vindicandum
1132 1579 1261 1625 versum
1279 1557 1320 1622 ab
1339 1557 1426 1622 athe

250 1664 312 1728 tesi
327 1665 528 1747 quorundam
541 1664 831 1750 grammaticorum.
856 1662 1011 1730 Oonferas
1021 1669 1129 1730 autem
1140 1662 1268 1729 Consul
1279 1663 1427 1749 adApol·

250 1770 374 1835 lonium
388 1794 417 1855 p.
436 1770 552 1837 105de
567 1770 628 1858 (ed.
643 1771 736 1836 Bern.
750 1771 767 1836 Ι
781 1770 861 1859 257)
883 1775 916 1836 51
934 1772 973 1836 15
991 1771 1110 1836 155515
1130 1771 1268 1836 55511515
1288 1793 1319 1854 p.
1336 1770 1425 1835 1271

250 1874 312 1963 (51.
331 1876 425 1942 Bern.
444 1877 460 1942 I
482 1877 575 1966 312),
606 1878 826 1963 quibus'locis
849 1878 983 1965 agnovit
1006 1900 1133 1943 versum
1156 1876 1357 1942 Plutarchus.

339 1982 508 2050 Platonica
521 2007 551 2070 Ρ.
564 1985 690 2071 112,15
709 1986 750 2050 51
763 2008 791 2051 5.
804 1987 865 2050 111
883 1984 1005 2072 (Etym.
1019 1984 1128 2070 Magn
1142 2007 1172 2070 p.
1185 1985 1261 2070 540,
1273 1983 1424 2049 11551515.

249 2111 279 2174 Ρ.
299 2088 380 2177 203)
403 2091 512 2175 Ρο1511
535 2091 663 2174 quidem
685 2091 743 2156 illa
760 2091 893 2157 Proclus
917 2091 955 2156 de
979 2113 1037 2156 suo
1057 2091 1141 2176 dare,
1159 2091 1299 2156 defuisse
1316 2095 1425 2155 tamen

248 2217 286 2260 ea
313 2197 399 2281 apud
424 2195 635 2262 Plutarchum
666 2198 721 2262 vix
749 2197 951 2284 crediderim,
978 2198 1131 2282 quoniam
1158 2198 1270 2262 insunt
1298 2194 1425 2262 Stoicae

248 2303 384 2368 rationis
416 2304 562 2391 vestigia.
618 2303 707 2369 Idem
737 2305 824 2370 55151
855 2304 894 2370 15
926 2305 987 2390 515,
1014 2326 1096 2389 quae
1123 2308 1200 2369 sunt
1235 2304 1276 2369 ad
1306 2326 1335 2369 5.
1361 2303 1424 2367 122

247 2433 278 2493 p.
295 2411 372 2496 119,
397 2410 538 2476 10-20
561 2408 614 2496 (fr.
637 2407 730 2498 6Β.),
756 2411 813 2477 551
846 2409 979 2496 Orphici
1011 2410 1215 2477 advocantur.
1270 2408 1423 2475 Conferas

247 2514 393 2581 Platonis
412 2515 532 2600 Oratyl.
551 2539 581 2601 p.
597 2517 661 2583 398
672 2517 702 2582 b.
727 2555 770 2565 —
793 2517 958 2583 Plutarchi
980 2539 1077 2603 porro
1096 2516 1262 2602 ingenium
1280 2516 1424 2581 referunt

249 2623 393 2707 exempla
424 2623 489 2708 1115,
522 2645 603 2708 quae
635 2625 675 2689 ad
704 2624 818 2689 5129
851 2621 1079 2689 illustrandum
1100 2647 1130 2708 p.
1152 2622 1215 2687 123
1243 2645 1261 2688 5
1288 2621 1424 2686 Platone

249 2733 378 2813 sumpta
404 2728 544 2795 vidimus
573 2751 670 2815 supra
696 2752 727 2815 p.
746 2730 803 2816 983
835 2730 934 2795 simili
961 2730 1057 2797 modo
1089 2729 1207 2795 similia
1235 2730 1274 2794 ad
1301 2752 1329 2794 5.
1359 2729 1423 2794 133

247 2858 277 2919 p.
308 2836 381 2923 125,
404 2836 455 2901 20.
510 2836 663 2902 Eiusdem
695 2836 822 2922 generis
854 2858 927 2902 cum
955 2837 1034 2923 sint,
1066 2835 1254 2901 crediderim
1281 2835 1424 2900 eiusdem

248 2943 384 3029 originis
406 2942 464 3008 illa
486 2943 525 3009 dc
543 2942 706 3029 Nymphis
720 2944 865 3012 Meliaois
888 2966 919 3029 Ρ.
941 2944 1014 3030 128,
1028 2942 1072 3008 20
1090 2940 1130 3008 51
1148 2965 1176 3007 5.
1194 2944 1258 3007 142
1276 2939 1329 3029 (fr.
1345 2939 1422 3029 7Β.)

247 3054 279 3114 51
309 3049 347 3116 15
375 3051 564 3138 genealogia
589 3051 725 3118 heroum
752 3051 792 3117 ad
819 3050 932 3117 5157
955 3073 986 3141 Ρ.
1008 3049 1085 3136 135,
1112 3050 1170 3115 551
1195 3049 1323 3115 videtur
1346 3053 1422 3134 post

247 3155 329 3240 φησὶ
344 3180 374 3241 Ρ.
391 3155 465 3244 135,
480 3159 512 3222 1;
532 3159 569 3224 τὸ
589 3155 650 3242 μὲν
668 3163 782 3246 τρίτον
795 3156 893 3242 γένος
906 3156 1032 3237 ἐξέλιπε
1046 3157 1102 3223 dud
1115 3165 1176 3224 τοῦ
1189 3162 1421 3241 κατακλυσμοῦ

247 3283 329 3347 φησι
361 3261 425 3330 κτὲ.
457 3263 565 3348 ipsum
600 3286 718 3331 nomen
748 3265 915 3330 Plutarchi
950 3263 1186 3330 restituendum
1216 3284 1301 3360 esse:
1336 3267 1422 3329 certe

245 3391 364 3435 nomen
389 3370 577 3455 interpretis
605 3371 814 3456 desideratur,
841 3393 915 3439 cum
941 3375 1038 3455 poeta
1063 3369 1133 3455 ipse
1160 3369 1240 3434 talia
1260 3391 1421 3456 nusquam

247 3476 393 3541 videatur
416 3476 542 3542 dixisse.
589 3477 789 3561 Quamquam
811 3478 883 3542 fieri
904 3477 966 3542 hoc
989 3498 1117 3562 quoque
1135 3476 1253 3563 potuit,
1271 3480 1309 3542 ut
1322 3475 1421 3561 Apol·

227 3582 327 3653 ,lonii
349 3581 469 3648 Rhodii
490 3604 610 3650 nomen
631 3583 797 3650 excideret.
843 3583 937 3661 Quod
959 3584 987 3649 si
1011 3588 1060 3649 est
1082 3582 1218 3667 factum,
1243 3584 1295 3649 vel
1317 3584 1421 3670 magis

247 3687 434 3753 crediderim
469 3711 527 3773 per
561 3688 771 3756 Plutarchum
807 3690 841 3754 id
874 3689 1096 3759 testimonium
1130 3689 1315 3771 appositum
1343 3710 1420 3754 esse.

247 3791 315 3858 Nec
350 3798 461 3860 tamen
494 3799 581 3861 certa
612 3799 661 3863 est
690 3819 750 3863 res.
808 3794 922 3860 Veteri
953 3816 1082 3879 quoque
1113 3794 1283 3879 interpreti
1313 3795 1421 3879 patuit

246 3900 354 3965 aditus
382 3900 422 3965 ad
443 3899 736 3968 Alexandrinorum
762 3899 877 3966 studia.
927 3898 976 3964 De
1002 3899 1258 3965 nominavero
1284 3899 1420 3965 heroum

245 4007 303 4072 1115
331 4029 369 4072 ex
393 4005 575 4075 Stoicorum
602 4008 654 4073 vel
676 4006 890 4093 Orphiccrum
917 4006 1114 4093 etymologia
1136 4029 1167 4092 p.
1189 4005 1344 4086 136,137
1369 4027 1419 4082 ex·

245 4113 377 4197 planata
404 4114 512 4179 omnia
538 4114 574 4178 in
599 4113 792 4180 Plutarcheo
819 4113 950 4179 fuerunt
935 4116 1136 4180 tcomment
1137 4113 1243 4180 ario.
1266 4110 1420 4187 (lanieras

244 4220 319 4312 Plat
304 4220 393 4287 tonis
417 4217 586 4304 Oratylum
607 4243 638 4306 Ρ.
658 4220 757 4287 3981.

333 4324 490 4393 Nominat
475 4331 529 4393 tus
561 4349 674 4393 rursus
705 4330 755 4393 est
785 4326 978 4392 Plutarchus
1005 4326 1045 4392 ad
1071 4350 1101 4393 v.
1126 4327 1187 4393 171
1219 4349 1249 4412 Ρ.
1274 4258 1353 4415 142,
1373 4325 1418 4392 28

246 4378 1419 4526 (5,Ρ.76477.,5,Ρ.201),15..8Β).111155515551115Ρ1515511555
