3366 5168
288 339 328 403 78
659 338 772 394 Scholia
785 338 894 395 Veteris
912 337 1085 408 Interpretis.

371 499 423 565 Ad
436 525 465 566 v.
480 500 501 565 5
516 501 717 567 conservavit
736 501 851 566 Taetza
869 502 1020 586 anonymi
1039 502 1188 567 metricas
1207 502 1458 590 observationes,

284 629 365 691 quae
396 608 560 691 pertinent
588 608 628 672 ad
655 609 847 673 vocabulum
876 606 990 696 (11111),
1013 609 1244 694 Moschopulus
1266 631 1342 673 vero
1361 610 1458 674 verba

281 714 360 778 facit
394 715 432 778 de
462 715 589 799 poetico
622 737 684 780 usu
715 737 830 780 vocum
865 716 937 804 ῥεῖα
965 719 998 780 11
1026 715 1183 804 ἀρίδηλος
1210 739 1239 802 p.
1263 716 1320 801 40,
1341 717 1458 800 7-10,

283 821 338 907 18,
363 821 412 885 19.
464 819 541 886 Non
568 825 617 887 est
646 844 727 906 opus
758 823 990 909 argumentari:
1012 822 1091 888 haec
1114 845 1242 908 quoque
1266 823 1361 888 debet
1383 845 1457 888 ano-

279 949 386 1011 nymo.
437 928 552 992 Eidem
579 929 718 994 fortasse
745 930 778 994 id
806 929 977 1017 scholium,
1005 931 1091 1015 quod
1118 931 1153 994 in
1180 951 1245 995 uno
1268 930 1352 996 libro
1376 931 1457 995 Dor-

283 1033 415 1098 villiano
447 1033 569 1119 legitur
602 1036 642 1100 ad
664 1059 692 1101 v.
718 1036 737 1100 8
763 1034 807 1123 (p.
830 1036 872 1098 41
900 1040 967 1101 not.
995 1034 1021 1123 i)
1049 1036 1134 1101 inter
1161 1036 1339 1123 Procliana,
1368 1037 1457 1102 attri-

281 1141 443 1205 buendum
471 1145 520 1205 est
547 1144 681 1225 propter
710 1141 907 1226 singularem
934 1142 972 1206 de
999 1141 1097 1207 Persa
1125 1141 1331 1227 sententiam,
1361 1165 1458 1227 quam

281 1248 367 1331 apud
389 1246 540 1312 Proelum
563 1247 653 1312 nullo
677 1247 748 1312 loco
772 1248 961 1312 invenimus.
1007 1245 1069 1312 Sed
1087 1247 1204 1314 dehac
1222 1271 1256 1314 re
1274 1249 1349 1313 lieet
1367 1249 1457 1313 dubi-

281 1358 359 1418 tare.
418 1353 538 1418 Contra
565 1354 648 1418 nihil
681 1355 804 1440 obstat,
832 1355 1004 1439 quominus
1037 1355 1198 1439 adscripta
1219 1356 1258 1420 ad
1275 1378 1304 1421 v.
1325 1358 1344 1420 9
1364 1380 1395 1440 p.
1414 1357 1458 1420 42

280 1465 347 1525 not.
370 1483 403 1524 m
431 1464 558 1544 praeter
585 1461 656 1548 illa,
684 1484 765 1546 quae
794 1484 851 1547 per
880 1464 988 1540 ἄλλως
1011 1463 1194 1548 signantur,
1225 1485 1290 1527 una
1312 1464 1458 1551 cumeis,

284 1588 365 1650 quae
392 1589 478 1632 nunc
499 1567 605 1633 Procli
634 1568 694 1633 sub
721 1569 851 1634 nominc
873 1569 947 1634 inde
969 1572 1160 1654 repetuntur
1184 1567 1228 1656 (Ρ.
1247 1569 1304 1654 42,
1324 1567 1457 1658 9-11),
1590 1591 1593 1595 ·

281 1675 382 1739 reteri
405 1676 615 1759 grammatico
638 1676 847 1740 restituamus
871 1676 1022 1741 addentes
1042 1676 1212 1741 Tzetuiana
1234 1675 1292 1741 illa
1310 1676 1349 1740 de
1367 1697 1457 1741 voca-

280 1781 358 1846 bulo
393 1783 468 1866 1111
502 1782 745 1868 semasiologiea
772 1806 801 1866 p.
821 1783 878 1869 42,
897 1783 1030 1846 23-24
1057 1785 1089 1846 11
1117 1781 1321 1866 Moschopuli
1350 1782 1458 1847 omnia

281 1890 490 1974 grammatica
513 1911 542 1972 p.
561 1890 618 1975 42,
637 1888 784 1976 25-43,
804 1890 853 1953 19.
906 1888 953 1955 Ut
980 1894 1088 1955 autem
1115 1912 1213 1973 supra
1235 1890 1357 1954 factum
1379 1889 1457 1954 vidi-

281 2017 367 2079 mus,
395 1996 443 2060 ita
470 1995 523 2060 hic
550 2017 677 2080 quoque
710 1995 840 2079 quidam
866 1996 944 2061 libri
971 1995 1141 2061 Tzetziana
1169 2017 1364 2081 quamquam
1391 2017 1458 2060 non

280 2101 398 2188 multo,
425 2101 569 2186 pleniora
592 2106 701 2166 tamen
723 2102 889 2188 exhibent,
911 2103 1157 2187 invenimusque
1179 2103 1311 2186 insuper
1335 2101 1456 2166 similli-

198 2246 210 2264 s
282 2232 371 2273 mum
394 2208 500 2274 locum
524 2208 609 2293 apud
632 2212 796 2274 auctorem
817 2209 925 2293 lltym
949 2208 1061 2295 Magni
1083 2232 1115 2293 p.
1135 2209 1210 2293 275,
1223 2209 1394 2299 50„quem
1418 2231 1456 2274 ex

284 2314 416 2381 scholiis
444 2315 614 2380 Hesiodeis
647 2315 805 2401 originem
836 2315 949 2380 ducere
981 2315 1033 2379 vel
1064 2316 1137 2380 inde
1168 2317 1236 2381 reri
1268 2321 1318 2380 111
1344 2316 1457 2401 simile,

282 2423 369 2506 quod
389 2422 544 2506 exemplis
557 2422 727 2512 Hesiodeis
746 2422 890 2507 singulas
909 2421 1160 2507 significationes
1179 2427 1292 2488 auctor
1305 2423 1456 2488 illustrat.

281 2527 370 2594 Idem
393 2529 479 2594 valet
501 2529 537 2592 in
555 2527 688 2593 Taetzae
710 2532 743 2594 et
765 2527 970 2613 Moschopuli
988 2529 1234 2614 explicationem
1252 2530 1340 2595 vocis
1359 2530 1457 2615 θέμις

282 2640 315 2701 11
342 2635 502 2721 θέμιστας
529 2659 559 2720 p.
583 2635 641 2722 44,
667 2636 770 2701 1-7,
829 2636 880 2701 Eo
912 2636 1038 2701 facilius
1070 2638 1278 2724 concesseris,
1310 2659 1391 2722 quae
1423 2637 1457 2700 in

281 2743 388 2808 codice
417 2742 620 2809 Dorvilliano
644 2741 689 2831 (Ρ.
708 2743 752 2807 44
770 2748 837 2808 not.
851 2741 896 2831 w)
927 2743 965 2808 de
987 2743 1176 2827 pronomine
1199 2746 1281 2827 τύνη
1303 2744 1457 2829 leguntur

280 2849 349 2915 sine
373 2851 504 2915 nomine
527 2851 677 2937 auctoris,
701 2848 798 2938 (unde
821 2850 1155 2935 videntuthrooliana
1179 2849 1270 2939 esse),
1293 2851 1356 2915 huc
1378 2850 1457 2914 refe·
1560 2908 1564 2913 .

279 2958 378 3021 renda
405 2979 474 3021 esse
502 2961 534 3021 et
560 2958 639 3041 ipsa.
693 2957 800 3021 Testis
828 2957 914 3020 enim
936 2956 1125 3039 producitur
1147 2956 1183 3020 in
1204 2956 1255 3020 his
1277 2955 1455 3039 Dionysius

184 3104 187 3109 -
279 3062 401 3149 Thrax,
431 3084 527 3144 quern
560 3062 694 3127 Proclus
733 3060 764 3149 (1
790 3061 965 3126 Plutarcho
997 3065 1035 3126 ut
1062 3058 1204 3148 videtur)
1231 3082 1296 3125 uno
1325 3060 1455 3125 omnino

280 3167 353 3232 loco
386 3172 419 3231 11
453 3167 580 3252 quidem
614 3168 693 3232 satis
724 3167 847 3232 inritus
879 3173 1116 3234 commemorat.
1148 3205 1190 3214 ——
1220 3166 1321 3232 Porro
1350 3168 1456 3230 exstat

279 3273 433 3358 anonymi
462 3272 621 3338 scholium
649 3273 689 3338 ad
711 3296 740 3338 v.
762 3274 800 3337 11
831 3274 890 3338 sub
914 3276 1022 3351 1111111
1043 3298 1073 3359 Ρ.
1092 3275 1146 3360 44,
1165 3273 1344 3357 19-45,3
1368 3272 1456 3361 (cum

279 3383 346 3444 not.
371 3377 417 3466 y),
436 3379 522 3465 quod
540 3381 665 3445 varium
684 3380 719 3443 in
736 3380 867 3444 modum
885 3380 1122 3465 exscripserunt
1136 3381 1251 3446 Taetza
1264 3384 1297 3445 et
1310 3378 1454 3445 Moscho

280 3487 391 3573 putus,
419 3487 575 3571 quaedam
603 3491 768 3553 servantes
797 3488 1019 3574 grammatica,
1045 3488 1101 3552 ille
1128 3488 1166 3552 de
1193 3487 1311 3573 forma,
1338 3487 1390 3551 hic
1417 3486 1455 3550 de

281 3593 525 3679 significatione.
576 3594 781 3679 Moschopuli
804 3598 911 3660 autem
935 3616 1032 3679 opera
1054 3595 1175 3659 factum
1204 3598 1268 3682 est,
1294 3598 1331 3658 ut
1359 3594 1456 3658 etiam

279 3722 310 3784 p.
335 3701 392 3788 46,
420 3699 558 3765 18-25
591 3701 630 3765 de
661 3701 795 3766 vocibus
828 3701 1017 3786 ἐπιμωμητή
1049 3705 1081 3766 11
1114 3702 1269 3786 διάνδιχα
1300 3700 1456 3765 nonnulla

281 3808 454 3892 supersint,
476 3807 618 3893 itemque
636 3831 666 3893 p.
685 3809 738 3892 47,
759 3808 798 3871 11
824 3806 927 3895 (illius
950 3812 1058 3872 tamen
1081 3808 1204 3872 dicendi
1227 3804 1356 3894 genere)
1377 3806 1455 3871 satis

279 3915 487 3980 memorabile
526 3919 711 4001 excerptum
748 3913 984 3980 Alexandrinae
1021 3915 1192 3980 doctrinae.
1257 3913 1349 3990 Quod
1379 3935 1455 3977 vero

281 4022 426 4106 sequitur
450 4021 610 4087 scholium
636 4045 665 4106 p.
686 4022 744 4109 46,
762 4022 904 4106 29-47,
926 4023 961 4107 2,
983 4043 1150 4106 perperam
1175 4043 1243 4086 csse
1266 4019 1380 4084 Proclo
1404 4019 1455 4083 ad-

280 4128 437 4212 scriptum
459 4128 524 4192 iam
546 4129 730 4193 monuimus
748 4151 779 4213 p.
797 4128 850 4194 54.
886 4129 1007 4194 Eadem
1026 4129 1152 4194 ratione
1171 4150 1188 4193 e
1206 4126 1312 4192 Procli
1332 4125 1454 4190 scholio

371 4286 396 4354 1)
415 4285 493 4339 Haec
513 4284 765 4339 Alexandrinorum
783 4302 856 4354 quae
873 4285 987 4340 videtur
1005 4284 1152 4340 adnotatio
1165 4283 1328 4355 pertinebat
1342 4283 1379 4339 ad
1393 4279 1455 4354 ῥεῖα

280 4373 311 4428 in
328 4393 353 4430 v.
375 4380 398 4429 7.
436 4372 491 4429 Our
513 4372 557 4428 ita
579 4372 745 4443 dixerimus,
768 4391 832 4428 eum
856 4371 917 4445 ῥεῖα
938 4391 1012 4428 nunc
1035 4373 1147 4443 legatur
1166 4372 1253 4427 etiam
1270 4373 1301 4426 in
1318 4377 1383 4442 uc,
1403 4388 1453 4425 1111

279 4462 343 4517 1111
363 4461 610 4518 demonstrabitur.
