3366 5168
601 300 715 356 Scholia
728 301 838 357 Veteris
856 301 1028 373 interpretis.
1357 301 1397 367 81

224 460 429 527 Proclianum
451 463 621 549 impugnat
644 487 677 548 p.
696 463 782 549 65,7
806 464 930 531 110111.
977 462 1039 531 Sed
1061 466 1229 531 miraberis
1247 465 1398 531 hocloco

224 590 265 632 ne
296 569 395 634 verbo
431 569 560 653 quidem
593 570 684 654 tangi
715 570 805 635 illam
836 572 921 636 111101
953 573 1179 657 grammaticos
1212 573 1399 656 saepissime

226 678 396 740 tractatam
424 675 657 762 quaestionem,
685 698 765 760 quae
793 680 842 742 est
870 678 908 741 de
935 682 1067 743 accentu
1094 679 1182 744 vocis
1205 678 1399 766 ἀσφόδελος,

168 856 171 859 Α
227 803 324 864 quam
347 802 406 867 ego
429 783 465 846 in
485 781 538 847 his
562 780 692 847 scholiis
716 782 888 848 desiderari
911 805 948 848 00
967 785 1094 870 aegrius
1113 787 1222 870 feram,
1245 806 1309 868 quo
1328 786 1398 868 plu-

227 887 318 951 ribus
336 888 371 951 in
388 887 499 953 lexicis
517 888 697 953 invenimus
716 889 754 953 de
772 888 833 954 hac
850 913 885 955 re
904 890 1033 975 aliquid.
1073 889 1209 956 Nullum
1226 896 1335 956 tamen
1352 890 1399 955 ibi

226 997 275 1058 est
297 994 471 1079 vestigium
489 993 649 1059 Hesiodea
675 995 797 1060 scholia
813 996 913 1061 fuisse
931 997 1062 1062 illorum
1079 998 1210 1062 fontem.
1252 996 1291 1061 In
1309 997 1398 1061 scho-

224 1099 278 1163 liis
296 1097 481 1165 Homericis
502 1097 629 1188 (1540)
648 1124 699 1166 res
717 1103 921 1187 paucissimis
940 1103 1130 1190 absolvitur,
1152 1103 1207 1169 sed
1225 1105 1398 1188 quaeritur,

223 1227 329 1270 nonne
361 1206 445 1271 hanc
474 1206 667 1272 brevitatem
699 1207 740 1272 ad
772 1212 991 1293 excerptorem
1022 1209 1221 1274 referendam
1247 1209 1397 1274 dicamus.

226 1310 435 1376 Eustathium
459 1316 575 1398 tamen,
598 1336 670 1379 cum
693 1314 812 1380 mirum
834 1315 878 1379 sit
901 1337 974 1380 eum
992 1320 1060 1380 tam
1083 1316 1211 1400 copiose
1230 1315 1268 1379 de
1286 1316 1398 1380 haere

225 1418 388 1501 disputare
412 1416 466 1507 (ad
489 1418 664 1504 Odysseam
686 1420 797 1508 1433,
816 1422 947 1487 20-38
963 1420 1101 1509 stalla),
1124 1427 1161 1486 ut
1182 1422 1235 1487 101
1257 1422 1398 1506 quinque

223 1526 507 1609 grammaticorum
536 1527 712 1592 sententias
741 1528 904 1615 exhibeat,
938 1529 1073 1594 dixerim
1100 1529 1211 1614 potius
1240 1527 1398 1593 scholium

223 1629 376 1696 Hesiodei
398 1631 585 1716 interpretis
608 1634 772 1719 integrum
795 1635 980 1700 servavisse.

191 1812 194 1816 Α
313 1735 467 1821 Sequitur
485 1737 613 1804 Veteris
637 1739 1068 1826 10101111106614-21
1093 1741 1134 1805 ab
1164 1741 1236 1805 aliis
1263 1740 1398 1805 scholio-

225 1844 358 1928 graphis
383 1846 587 1929 exscriptum.
632 1844 684 1910 Ad
702 1869 730 1911 v.
750 1847 793 1911 48
818 1847 957 1912 10111111
980 1847 1211 1932 Moschopulus
1234 1847 1398 1930 copiosam

223 1951 424 2034 grammatici
439 1952 688 2036 explicationem
700 1953 789 2018 vocis
798 1953 1018 2038 ἄγκυλόμητις
1027 1979 1058 2038 p.
1071 1953 1122 2039 75,
1132 1953 1272 2018 22-28.
1305 1952 1398 2016 Exci-

222 2057 317 2140 piunt
339 2057 402 2122 duo
427 2058 548 2123 scholia
570 2081 600 2142 p.
621 2061 673 2145 78,
693 2060 1197 2147 7-11,22--24,011110111110
1220 2059 1398 2124 addendum

222 2162 426 2229 Tzetzianum
438 2186 468 2249 p.
481 2165 532 2251 79,
543 2166 628 2229 1-2
638 2191 645 2250 3
654 2172 724 2231 tum
735 2190 766 2251 p.
778 2166 830 2252 82,
842 2167 982 2254 17-22,
995 2167 1030 2231 in
1044 2167 1130 2252 quod
1143 2170 1181 2231 ut
1194 2166 1397 2231 Proclianum

224 2291 283 2334 suo
310 2293 399 2335 more
422 2271 587 2336 invehitur
610 2272 724 2338 Tzatza
747 2297 777 2358 p.
798 2274 856 2358 82,
874 2272 909 2357 5,
932 2274 1086 2358 cuiusque
1109 2272 1341 2357 Moschopulus
1363 2273 1398 2336 in

224 2377 332 2460 priore
361 2378 483 2442 scholio
507 2402 537 2463 p.
558 2379 613 2464 77,
633 2381 675 2447 28
698 2402 821 2445 memor
844 2385 902 2444 est.
952 2379 1014 2445 His
1037 2379 1133 2444 addas
1156 2380 1194 2443 de
1217 2400 1295 2444 voce
1316 2379 1397 2454 611ος

223 2485 444 2570 grammatica,
473 2507 554 2569 quae
581 2484 699 2550 iniuria
724 2485 838 2550 Proclo
868 2485 1090 2550 attribuuntur
1116 2508 1146 2569 p.
1171 2484 1228 2569 84,
1248 2485 1397 2570 18-22,

225 2611 369 2674 quaeque
396 2590 510 2654 Tzetza
538 2590 739 2673 adverbum
765 2592 832 2655 fere
855 2591 1027 2675 exscripsit
1049 2615 1078 2674 p.
1095 2591 1147 2675 86,
1166 2590 1216 2654 26.
1262 2588 1396 2673 1111111-

222 2695 390 2781 mologicis
418 2699 526 2760 autem
549 2700 581 2761 01
604 2697 689 2782 apud
711 2697 922 2761 Eustathium
941 2719 1023 2781 quae
1041 2697 1079 2761 de
1098 2696 1217 2761 eisdem
1235 2695 1331 2760 rebus
1351 2696 1398 2759 in-

222 2801 405 2888 veniuntur,
426 2803 536 2886 potius
559 2807 635 2868 sunt
657 2803 775 2868 hausta
798 2826 836 2868 ex
859 2803 1040 2868 Homericis
1065 2802 1197 2868 scholiis
1220 2802 1260 2866 ad
1282 2802 1299 2865 l
1322 2801 1396 2880 657,

223 2907 343 2992 quippe
363 2930 444 2992 quae
464 2909 701 2974 accommodata
720 2909 786 2973 11111
800 2909 840 2974 ad
853 2909 962 2994 ipsum
975 2909 1082 2974 locum
1095 2908 1238 2973 Homeri.
1276 2906 1397 2973 Contra

222 3013 426 3098 Moschopuli
445 3037 526 3100 quae
545 3017 707 3100 pertinent
726 3015 766 3080 ad
784 3038 912 3081 versum
931 3014 1152 3101 explicandum
1171 3039 1201 3100 p.
1212 3013 1263 3099 85,
1278 3015 1396 3097 6-10,

221 3118 350 3185 Veteris
370 3124 454 3206 sunt,
472 3121 507 3185 id
530 3122 616 3206 quod
638 3123 810 3188 manifesto
834 3123 1016 3188 ostenditur
1039 3122 1233 3187 doctissimis
1258 3120 1396 3185 animad-

223 3226 438 3313 versionibus,
461 3250 543 3312 quae
565 3232 642 3293 sunt
665 3229 704 3293 de
726 3227 907 3294 Homericis
934 3233 967 3293 01
994 3228 1163 3293 Ηο1101011
1188 3228 1264 3293 deis.
1310 3226 1397 3303 Quae

222 3355 295 3397 cum
324 3333 363 3397 ad
390 3334 495 3417 ipsam
524 3333 816 3401 Alexandrinorum
845 3335 1023 3400 doctrinam
1045 3358 1105 3401 nos
1128 3339 1292 3420 revocent,
1313 3333 1396 3398 nihil

222 3443 281 3523 est,
305 3462 360 3504 cur
383 3441 484 3505 101011
506 3441 677 3526 interpreti
694 3442 773 3506 haec
790 3464 857 3506 non
875 3443 1092 3507 restituamus.
1114 3480 1152 3489 —
1172 3441 1224 3506 Ad
1241 3465 1269 3506 v.
1288 3444 1396 3505 autem
1527 3477 1528 3481 =

222 3544 264 3609 65
287 3546 353 3609 iam
375 3545 513 3610 vidimus
537 3569 635 3632 supra
656 3570 686 3631 p.
706 3546 748 3611 57
772 3569 839 3612 non
862 3548 919 3612 1111
940 3551 1083 3633 tantum,
1106 3569 1187 3632 quae
1211 3547 1271 3612 sub
1289 3549 1396 3624 ἄλλως

222 3649 391 3735 leguntur,
418 3650 546 3717 Veteris
575 3675 658 3739 esse,
686 3653 741 3717 sed
765 3653 863 3718 etiam
886 3675 967 3737 quae
990 3654 1028 3717 de
1051 3653 1160 3717 eadem
1184 3675 1217 3717 re
1240 3654 1275 3716 in
1298 3653 1395 3737 expli-

221 3755 320 3820 canda
339 3777 416 3821 voce
430 3762 628 3846 γυιοκόρους
642 3759 727 3843 apud
744 3758 894 3824 Proclum
913 3759 1122 3822 inveniuntur
1140 3781 1170 3842 p.
1187 3759 1238 3843 88,
1255 3758 1394 3822 14-16.

222 3860 273 3926 Ad
297 3883 378 3947 quae
401 3863 548 3929 accedere
571 3865 764 3949 comparatis
787 3864 860 3928 aliis
883 3864 1067 3927 monuimus
1090 3863 1147 3927 1111
1164 3862 1332 3927 Eustathii
1356 3863 1396 3928 ad

220 3968 354 4034 Iliadem
375 3967 392 4033 I
415 3970 444 4056 8,
463 3970 603 4035 20-33.
653 3968 731 4035 Non
757 3969 864 4034 minus
891 3969 957 4033 iam
984 3972 1109 4034 constat
1132 3969 1171 4034 de
1194 3969 1395 4054 grammatici

222 4075 353 4140 scholiis
376 4075 570 4161 plenissimis
594 4076 634 4140 ad
651 4100 679 4141 v.
695 4077 738 4141 68
762 4076 801 4140 de
823 4075 988 4140 vocabulis
1008 4073 1259 4163 Ἀργειφόντης,
1281 4072 1395 4159 Ἀμφι-

221 4183 348 4267 γυήεις,
371 4183 545 4269 διάκτορος
567 4182 737 4266 adscriptis
761 4205 799 4247 ex
822 4181 969 4265 Taetzae,
992 4181 1205 4270 Moschopuli,
1227 4180 1394 4246 Eustathii

222 4288 352 4372 scriptis
379 4288 743 4375 thmologicorumque
771 4287 956 4353 auctoribus
987 4287 1205 4373 restituendis,
1233 4286 1394 4370 similique

221 4394 347 4459 ratione
361 4394 400 4459 de
413 4416 490 4460 voca
500 4395 638 4473 Παλλάς
646 4398 679 4459 01
685 4392 811 4478 Ἀθήνη
821 4417 850 4458 v.
860 4395 910 4459 76.
933 4391 1087 4459 Addenda
1101 4397 1177 4458 sunt
1191 4393 1395 4480 illatantum,

277 4508 494 4561 Dlmltrijcvlc,
508 4508 586 4551 studia
599 4509 723 4551 Hesiodea.
1165 4502 1181 4551 6
