3342 5168
627 324 669 377 De
688 321 784 377 indole
803 322 978 377 scholiorum.
1344 322 1387 386 43

220 486 448 572 Neoplatonici
478 486 610 553 nomine
637 486 785 552 exornari
812 488 944 571 coeptus
972 483 1066 574 est1),
1094 485 1185 555 cuius
1213 485 1251 551 de
1274 485 1389 551 studiis

219 595 391 659 Hesiodeis
427 594 613 658 innotuerat
648 594 881 678 videbaturque
915 614 1034 657 nomen
1074 592 1213 677 quodam
1247 593 1317 658 iure
1353 615 1390 678 „a

220 697 361 785 potiori“
383 703 421 764 ut
443 700 535 764 aiunt
567 700 720 765 adhiberi.
766 699 843 765 Fuit
875 703 983 764 autem
1014 699 1240 765 collectionum
1262 699 1391 764 illarum

184 822 187 827 ’
220 807 255 872 id
278 828 375 890 quam
397 807 535 871 maxime
557 806 741 894 proprium,
764 807 851 891 quod
873 807 1053 891 promiscue
1075 805 1110 871 in
1132 807 1179 871 eis
1207 806 1391 871 ferebantur

221 914 388 997 utriusque
419 913 606 998 interpretis
640 913 775 999 scholia,
807 934 900 997 saepe
932 914 967 978 in
997 936 1098 977 unum
1130 913 1282 999 conflata,
1313 934 1390 977 non·

220 1042 396 1105 numquam
433 1024 526 1086 aucta
563 1020 690 1085 aliunde
726 1020 850 1104 petitis:
887 1042 924 1084 00
956 1020 1092 1104 denique
1122 1020 1252 1085 licentia
1284 1019 1392 1085 omnia

221 1131 296 1192 sunt
326 1126 454 1213 habita,
488 1131 525 1192 ut
555 1148 615 1191 nec
645 1126 752 1192 Procli
782 1148 901 1192 nomen
931 1148 990 1191 nec
1022 1126 1141 1212 siglum
1173 1126 1253 1191 illud
1284 1128 1392 1202 ἄλλως

222 1234 396 1318 quidquam
419 1234 498 1298 certi
520 1234 558 1298 de
576 1237 706 1298 auctore
725 1234 919 1298 contineant.
957 1231 1095 1298 Omnino
1114 1235 1221 1310 ἄλλως
1239 1233 1278 1297 ab
1297 1231 1391 1297 initio

221 1342 268 1406 ita
294 1340 421 1405 videtur
447 1341 591 1425 positum
619 1362 702 1427 esse,
728 1344 766 1405 ut
787 1340 872 1404 nihil
894 1340 1089 1425 significaret
1115 1340 1180 1403 nisi
1207 1361 1283 1425 esse,
1311 1361 1391 1422 quae

222 1450 439 1531 sequerentur.
485 1446 535 1511 Ita
567 1447 775 1533 factumest,
802 1451 839 1511 ut
867 1451 1049 1531 temporum
1077 1446 1212 1511 decursu
1239 1446 1392 1532 gliscente

222 1554 417 1620 adsciscendi
452 1557 485 1618 et
517 1553 756 1619 contaminandi
787 1552 894 1618 studio
926 1576 983 1638 per
1014 1558 1117 1618 totam
1149 1553 1304 1638 pristinae
1331 1552 1393 1636 syl·

222 1660 313 1747 loges
350 1660 537 1746 progeniem
575 1661 760 1745 saepissime
796 1664 946 1744 excerpta
981 1659 1032 1724 vel
1063 1660 1158 1725 unius
1189 1660 1393 1744 eiusdemque

223 1768 445 1832 commentarii
467 1767 533 1832 illis
557 1768 659 1853 signis
682 1767 908 1853 dividerentur,
931 1767 1007 1851 quia
1027 1767 1062 1831 in
1079 1766 1177 1831 variis
1195 1767 1393 1850 reperieban-

223 1877 278 1939 tur
292 1873 543 1961 collectionibus,
558 1896 663 1959 neque
676 1896 744 1939 non
756 1878 795 1939 ut
809 1896 890 1959 quae
906 1873 1027 1938 scholia
1041 1872 1181 1938 eiusdem
1195 1873 1393 1938 collectionis

221 1980 385 2045 habebant
408 1981 510 2068 signa,
533 2003 570 2046 ea
592 1981 755 2046 interdum
778 1980 980 2046 abicerentur
1003 1984 1134 2065 propter
1157 2002 1241 2044 nova
1264 1979 1394 2065 scholia,

224 2109 305 2171 quac
323 2110 395 2152 cum
413 2088 533 2153 eisdem
552 2088 653 2174 signis
672 2088 780 2152 induci
799 2088 967 2152 debebant.
1004 2086 1054 2152 Ita
1072 2086 1124 2151 vel
1142 2085 1394 2151 diverssissimae

224 2194 359 2280 originis
377 2194 499 2259 scholia
514 2198 590 2259 sunt
603 2195 769 2278 permixta.
799 2194 861 2259 Sed
875 2216 914 2258 01
929 2215 992 2277 quo
1007 2194 1229 2280 gravissimam
1238 2193 1394 2258 iacturam

223 2301 298 2365 fecit
322 2301 467 2366 doctrina
490 2301 660 2384 utriusque
683 2300 879 2387 interpretis,
901 2301 1021 2366 accedit
1041 2300 1183 2365 studium
1202 2298 1393 2365 decurtandi.

222 2406 273 2472 Ita
305 2429 343 2471 ex
375 2408 532 2491 excerptis
565 2411 714 2492 excerpta
746 2413 822 2472 sunt
853 2411 945 2494 nata,
976 2429 1015 2472 ex
1048 2407 1119 2472 aliis
1151 2405 1404 2490 collectionibus,

223 2517 351 2578 tantum
378 2513 448 2597 illa,
476 2535 557 2597 quae
584 2515 673 2578 varia
699 2514 751 2578 vel
778 2519 869 2579 erant
897 2514 949 2577 vel
976 2535 1046 2578 esse
1071 2513 1276 2599 videbantur,
1303 2511 1394 2575 adde·

224 2621 343 2685 bantur
370 2624 402 2685 et
428 2641 470 2684 ne
495 2620 575 2685 haec
603 2620 731 2705 quidem
758 2621 824 2686 nisi
851 2625 1012 2705 excerpta,
1044 2641 1061 2683 e
1089 2620 1236 2704 pluribus
1263 2618 1393 2683 scholiis

224 2748 324 2791 unum
343 2726 542 2791 efficiebatur
557 2726 648 2792 nulla
666 2748 741 2791 cura
760 2726 896 2812 originis
910 2726 1031 2791 habita.
1059 2724 1152 2802 Quod
1164 2729 1273 2791 tamen
1290 2723 1394 2789 nihilo

224 2833 332 2897 minus
361 2833 460 2897 etiam
486 2854 572 2912 nunc
599 2834 674 2898 11001
702 2855 740 2898 01
766 2833 827 2898 hac
849 2832 1060 2898 multifariam
1083 2832 1210 2897 detorta
1233 2832 1394 2917 farragine

225 2938 395 3023 utriusque
428 2940 615 3024 interpretis
647 2944 796 3005 naturam
828 2960 1020 3026 cognoscere
1050 2943 1082 3004 et
1114 2938 1253 3004 dividere
1280 2937 1395 3003 doctri·

223 3068 308 3132 nam,
327 3046 476 3131 quodque
495 3048 635 3131 exceptis
658 3047 807 3132 plurimis
829 3047 909 3112 locis
933 3050 1042 3111 tamen
1063 3050 1196 3133 restant,
1219 3046 1254 3112 in
1277 3046 1394 3130 quibus

224 3175 281 3237 per
304 3155 412 3231 ἄλλως
434 3153 470 3217 in
491 3154 679 3219 universum
701 3158 788 3219 recte
810 3154 1037 3239 disiungantur
1058 3153 1175 3218 veteris
1194 3152 1396 3240 grammatici

225 3259 347 3324 scholia
370 3283 389 3323 0
410 3259 603 3347 Proclianis,
624 3260 722 3325 huius
745 3261 793 3325 rei
815 3265 882 3325 tres
906 3261 934 3326 si
957 3260 1036 3345 quid
1058 3260 1150 3326 video
1174 3264 1250 3326 sunt
1273 3281 1394 3325 causae.

223 3364 368 3431 Primum
395 3367 565 3451 utriusque
593 3367 780 3451 interpretis
806 3372 937 3454 natura,
968 3367 1105 3453 indoles,
1131 3367 1215 3432 ratio
1242 3367 1396 3451 interpre-

224 3472 314 3537 tandi
336 3475 405 3537 tam
426 3473 523 3559 longe
546 3474 664 3538 recedit
688 3474 728 3538 ab
752 3474 862 3558 altero,
885 3477 923 3538 ut
945 3474 1055 3558 paucis
1074 3475 1214 3558 exceptis
1231 3474 1312 3539 locis
1329 3495 1397 3538 non

224 3579 391 3662 potuerint
422 3579 474 3643 vel
510 3580 550 3644 ab
588 3581 699 3645 insciis
732 3579 957 3646 collectoribus
990 3584 1023 3645 et
1054 3580 1295 3665 excerptoribus
1327 3601 1396 3665 per·

225 3684 361 3748 misceri.
412 3685 495 3749 Tum
527 3708 565 3750 01
596 3687 751 3771 primaria
780 3686 813 3752 id
840 3707 941 3772 genus
969 3687 1171 3773 collectione,
1199 3708 1296 3770 quam
1327 3687 1396 3751 iure

226 3788 312 3855 dicas
335 3795 509 3877 utrumque
531 3797 617 3858 recte
640 3793 834 3879 dignovisse,
856 3793 995 3876 plurima
1017 3794 1145 3877 integra
1167 3796 1243 3857 sunt
1262 3795 1395 3857 servata.

225 3894 372 3981 Denique
398 3899 433 3963 in
461 3901 699 3983 comparatione
726 3900 878 3964 instituta
905 3899 989 3963 inter
1012 3899 1135 3964 codices
1158 3897 1337 3963 Hesiodeos
1364 3902 1396 3962 et

226 4025 276 4090 ea,
303 4025 384 4087 quae
412 4005 565 4070 exhibent
592 4006 721 4092 Tnetza,
747 4003 993 4092 Moschopulus,
1021 4008 1167 4069 auctores
1193 4003 1396 4089 Etymologi-

225 4131 344 4194 corum,
367 4110 572 4195 Eustathius,
595 4111 659 4197 alii,
683 4113 934 4176 instrumentum
954 4110 1114 4194 quoddam
1131 4113 1261 4196 praesto
1285 4115 1334 4175 est
1357 4110 1397 4175 ad

316 4269 342 4337 1)
361 4265 500 4332 Quoniam
522 4266 706 4322 vetustissimi
729 4266 795 4321 libri
818 4270 863 4338 (ex
886 4266 988 4337 quibus
1010 4271 1106 4323 tamen
1124 4269 1187 4323 Par.
1206 4268 1232 4322 A
1252 4262 1397 4345 1111110001

224 4357 352 4426 maneus)
374 4371 477 4410 nomen
500 4356 623 4412 auctoris
641 4373 699 4412 non
718 4357 864 4427 exhibent,
886 4356 1042 4413 excitamur
1060 4358 1097 4412 ad
1116 4355 1316 4427 suspicionem,
1340 4373 1397 4424 qua

225 4443 405 4516 coniciamus,
424 4444 518 4500 Procli
535 4462 638 4501 nomen
656 4446 769 4501 demum
788 4463 806 4500 a
824 4446 928 4503 Tzetza
945 4446 1092 4513 inductur
1110 4462 1178 4513 1110.
