3366 5168
301 296 365 361 146
535 295 668 366 Didymei
687 295 724 348 ad
743 295 837 366 Opera
855 294 1049 350 commentarii
1066 295 1234 367 fragmenta.

300 459 479 547 γράφοιτο,
517 462 669 543 σημαίνει
701 459 762 523 τὸν
792 462 975 536 ποικίλας
1007 460 1189 544 εἰληχότα
1221 460 1380 541 νοήσεις
1411 456 1474 524 κτλ.

299 565 388 630 Haec
411 565 518 630 omnia
542 586 559 627 e
581 562 773 629 Plutarcheo
797 566 1027 630 commentario
1051 566 1210 649 exscripta
1238 587 1307 629 esse
1334 563 1474 629 vidimus

300 693 398 756 supra
420 695 450 755 p.
472 670 544 735 100.
596 668 659 736 Sed
687 671 867 757 quaeritur,
892 672 977 736 unde
1002 670 1196 737 Plutarchus
1219 672 1303 736 hanc
1325 671 1474 735 lectionis

299 779 489 843 varietatem
505 778 688 862 sumpserit,
702 778 758 862 qui
771 796 938 862 nunquam
951 779 990 842 de
1004 779 1124 843 talibus
1137 778 1234 843 rebus
1247 798 1351 862 neque
1365 781 1474 863 ageret

297 905 401 968 neque
427 888 539 967 posset
572 905 680 970 agere,
711 884 830 970 quippe
859 885 916 969 qui
943 907 1010 950 non
1036 885 1158 970 legeret
1181 883 1473 949 Alexandrinorum

300 991 557 1075 commentarios,
578 1012 682 1075 neque
704 991 739 1055 in
762 991 936 1076 exemplari
959 1014 1018 1056 suo
1042 1014 1113 1056 eam
1130 991 1300 1077 inveniret,
1321 991 1378 1056 ubi
1396 990 1475 1055 talia

300 1097 438 1162 adscribi
461 1118 527 1161 non
550 1096 706 1162 solebant.
750 1096 838 1163 Fons
860 1120 936 1163 vero
960 1099 1029 1163 eius
1053 1099 1165 1163 dubito
1195 1121 1236 1163 an
1262 1097 1361 1162 fuerit
1383 1098 1473 1162 locus

299 1204 414 1269 similis
443 1202 648 1289 Theogoniae
672 1202 815 1292 (1.496)
842 1205 878 1268 in
904 1227 942 1270 ea
968 1209 1060 1289 parte
1083 1205 1245 1293 carminis,
1267 1227 1349 1289 quae
1371 1205 1473 1289 partis

297 1310 395 1376 huius
420 1308 562 1394 Operum
590 1332 715 1394 semper
742 1310 912 1376 videbatur
940 1310 1112 1377 simillima.
1158 1311 1223 1377 Ubi
1249 1312 1418 1398 legebatur
1439 1311 1475 1375 in

298 1416 492 1481 Plutarcheo
521 1415 704 1502 exemplari,
733 1417 798 1481 nisi
821 1416 929 1482 omnia
951 1439 1002 1483 me
1024 1418 1156 1503 fallunt,
1183 1418 1412 1503 ἀγκυλομήτης
1434 1417 1475 1482 ad

300 1521 485 1587 Promethei
499 1544 616 1588 nomen
631 1523 784 1608 additum,
800 1527 912 1588 eontra
926 1523 961 1587 in
975 1523 1116 1608 Operum
1129 1546 1225 1589 versu
1238 1527 1474 1610 ποικιλάμητις.

297 1627 360 1693 His
389 1629 473 1693 inter
500 1652 534 1707 se
562 1629 756 1714 comparatis
783 1629 925 1694 malebat
954 1633 1093 1715 utroque
1120 1631 1300 1696 consentire
1322 1631 1394 1696 loeo
1417 1631 1475 1707 τάς

297 1738 530 1822 παραλλήλους
560 1759 640 1821 quas
669 1739 763 1801 vocat
787 1734 934 1801 Sittelius
957 1737 992 1801 in
1014 1738 1244 1802 commentario
1268 1736 1475 1823 ἀντιγραφάς

298 1842 446 1926 idemque
469 1842 648 1926 epithetum
672 1842 773 1907 tribui
795 1841 997 1908 Prometheo.
1043 1841 1157 1928 Neque
1180 1843 1298 1908 mirum
1321 1865 1395 1908 eum
1414 1842 1474 1906 ele-

298 1950 383 2035 gisse
406 1949 643 2033 ἀγκυλομήτης.
682 1948 886 2014 Vocabulum
909 1952 1138 2035 ποικιλόμητις
1160 1971 1227 2014 non
1250 1949 1475 2015 inveniebatur

297 2056 370 2120 aliis
392 2056 473 2121 locis
492 2055 577 2140 apud
595 2055 773 2120 Hesiodum
792 2060 824 2120 et
842 2055 1004 2121 Homerus
1024 2077 1152 2141 quoque
1170 2056 1311 2121 malebat
1330 2062 1475 2123 ποικιλο-

297 2164 400 2248 μήτης
419 2162 522 2226 dicere
530 2160 569 2249 ²),
588 2166 702 2227 contra
720 2162 950 2249 ἀγκυλομήτης
968 2162 1054 2249 apud
1067 2161 1272 2251 utrumque²)
1287 2163 1474 2248 saepissime

297 2269 466 2355 legebatur
498 2273 596 2354 atque
628 2270 661 2334 id
694 2271 843 2335 omnibus
874 2271 955 2336 locis
988 2270 1167 2356 epithetum
1197 2268 1303 2336 Croni.
1359 2269 1474 2336 Voluit

298 2379 415 2462 autem,
438 2380 475 2441 ut
495 2399 593 2462 supra
610 2377 760 2462 vidimus,
777 2376 970 2443 Plutarchus
987 2376 1217 2443 Prometheum
1233 2380 1382 2463 Κρόνιόν
1399 2400 1473 2442 τινα

297 2482 409 2548 faeere.
465 2483 536 2549 Hoc
564 2484 671 2549 studio
698 2483 897 2568 adaequandi
925 2485 1006 2550 ahos
1035 2507 1162 2570 quoque
1185 2484 1298 2549 ductos
1321 2506 1380 2548 suo
1402 2483 1474 2547 loco

297 2588 477 2655 videbimus
506 2596 552 2677 et,
577 2592 641 2656 nisi
664 2614 724 2656 nos
748 2592 856 2655 omnia
878 2591 1011 2679 fallunt,
1032 2614 1072 2656 ne
1095 2590 1253 2676 Didymus
1282 2590 1410 2676 quidem
1433 2589 1473 2654 ab

298 2696 344 2760 eis
362 2697 584 2783 dissentiebat,
607 2698 643 2762 id
661 2698 748 2783 quod
770 2698 826 2761 illa
849 2699 1132 2783 ipsaexplicatione
1154 2696 1330 2781 particulae
1352 2698 1416 2782 ἀρα
1439 2695 1474 2759 in

297 2824 392 2867 versu
404 2805 443 2868 11
457 2803 509 2891 (cf.
525 2827 623 2889 supra
636 2827 666 2888 p.
680 2804 742 2868 126
752 2801 836 2891 sqq.)
847 2804 980 2869 enotuit.
1007 2804 1097 2890 Ergo
1111 2804 1149 2869 de
1163 2803 1365 2887 hoc‘quoque
1377 2823 1472 2866 versu

300 2934 376 2976 eum
399 2912 616 2996 disputavisse
639 2910 834 2995 crediderim,
857 2911 912 2975 sed
935 2910 1013 2993 quid
1036 2910 1163 2996 dixerit,
1184 2909 1340 2993 ignotum.
1382 2907 1475 2984 Quod

298 3040 317 3081 a
340 3015 568 3081 Choerobosco
586 3040 617 3101 p.
638 3015 690 3103 75,
708 3016 752 3079 22
775 3038 847 3080 eum
870 3013 1129 3101 ἀγκυλομήτηςθ)
1153 3019 1224 3078 tum
1237 3015 1475 3095 ‘solutamque

297 3173 452 3242 κυλομήτης
476 3176 505 3227 et
526 3169 721 3241 κοικιλάμητις
739 3170 853 3225 Proelus
872 3173 902 3224 et
920 3187 983 3224 cum
1000 3169 1045 3223 his
1065 3169 1217 3224 contuleris
1234 3168 1417 3223 Eustathium
1436 3169 1474 3223 ad

298 3262 397 3336 Odyss.
416 3279 443 3330 p.
460 3266 542 3329 1461,
558 3266 604 3331 18,
635 3260 684 3329 qui
706 3260 812 3314 bonum
835 3259 870 3313 de
892 3259 947 3313 hac
969 3274 1000 3312 re
1023 3258 1164 3327 quendam
1186 3258 1403 3329 grammaticum
1426 3274 1472 3312 ex-

298 3350 422 3420 scripsit:
438 3347 491 3419 dpa
505 3348 536 3404 dl
552 3349 594 3404 ὅτι
607 3348 765 3418 δυνάμενος
779 3347 794 3402 ὁ
807 3347 925 3417 ποιητής
935 3346 1135 3417 ποικιλομήτην
1141 3345 1274 3403 Ὀδυσσέα
1284 3348 1375 3402 εἰπεῖν
1384 3346 1471 3419 (leget

297 3434 504 3508 ποικιλάμητιν,
526 3455 593 3492 nam
616 3438 710 3492 dixit
732 3454 797 3492 eum
818 3439 904 3507 poeta
926 3435 1139 3506 ποικιλομήτην,
1163 3453 1254 3505 neque
1277 3453 1374 3491 sensus
1397 3436 1472 3489 inest

299 3528 330 3580 in
344 3526 535 3596 sequentibus,
550 3526 575 3580 si
589 3525 693 3598 -μήτην
706 3525 830 3596 legitur),
850 3522 972 3596 ὁμοίως
990 3530 1028 3598 τῷ
1048 3524 1190 3595 εάμητιν
1208 3526 1257 3580 καὶ
1274 3524 1471 3594 τολάμητιν,

299 3615 371 3684 ὅμως
398 3617 450 3670 οὐκ
478 3615 602 3686 ἔγραφεν
631 3613 730 3684 οὕτως,
754 3614 966 3685 ἐνδεικνύμενος
989 3613 1094 3681 ἐξεῖναι
1116 3616 1164 3669 καλ
1188 3614 1259 3670 οὕτω
1282 3613 1400 3685 φράζειν
1423 3614 1471 3667 καλ

299 3702 393 3770 οὕτως.
430 3705 462 3759 τὸ
481 3704 533 3776 μὲν
550 3704 671 3775 δηλαδή,
692 3703 724 3758 ἐκ
741 3711 791 3759 τοῦ
810 3712 890 3774 μήτις
908 3703 926 3773 ή
946 3703 1040 3776 βουλή.
1077 3702 1109 3758 τὸ
1128 3701 1172 3773 δέ,
1194 3703 1251 3758 ἀπὸ
1269 3702 1403 3772 κινήσεως
1421 3709 1471 3756 τοῦ

298 3794 376 3863 μήδω
400 3791 532 3865 ήήματος,
553 3794 582 3860 ἐξ
601 3789 634 3849 od
654 3794 701 3848 καλ
721 3792 920 3864 ἀγκυλομήτης.
957 3792 1035 3846 Idem
1053 3791 1111 3847 fere
1130 3792 1203 3847 dixit
1221 3792 1308 3847 etiam
1326 3791 1471 3845 Nauekius

298 3883 420 3956 Melang.
440 3883 683 3939 Greeo-Romains.
702 3882 741 3936 IV
755 3901 782 3953 p.
799 3888 850 3937 108
860 3899 920 3950 sqq.
961 3880 1042 3935 Nihil
1059 3881 1136 3936 valet
1153 3879 1423 3936 Pseudo-Philemon
1440 3879 1471 3933 in

297 3972 399 4027 Lexico
418 3990 445 4042 p.
457 3978 481 4028 5.
498 3972 595 4041 Osan,
613 3990 734 4040 quocum
752 3973 881 4042 pugnant
899 3970 1028 4039 exempla
1044 3970 1297 4025 vetustissimum
1315 3971 1470 4040 poetarum,

297 4061 380 4131 ratio,
400 4078 444 4115 ars
462 4061 656 4132 grammatica.

388 4152 414 4221 1)
432 4149 505 4204 Vide
523 4149 653 4204 Eustath.
679 4149 715 4203 ad
741 4146 840 4219 Odyss.
855 4166 881 4219 p.
898 4155 976 4218 1462,
991 4154 1039 4217 30,
1058 4148 1108 4203 sed
1127 4148 1161 4203 ci.
1181 4147 1300 4218 εάμητις,
1319 4146 1470 4216 πολύμητις

297 4238 376 4308 ibid,
395 4236 554 4310 αἰολόμητις
572 4238 676 4308 Theog.
694 4256 718 4292 ν.
733 4241 794 4291 511.

387 4330 414 4397 a)
433 4326 472 4381 cf.
492 4326 672 4396 Theogoniae
689 4345 714 4382 v.
730 4331 772 4395 19,
792 4331 853 4392 rar,
874 4331 933 4396 raa,
952 4331 1013 4395 rra,
1032 4332 1093 4381 ras.

388 4418 420 4487 3)
432 4414 510 4469 Libri
530 4415 663 4470 exhibent
682 4431 716 4470 ex
734 4414 882 4469 iotacismo
901 4413 1063 4469 laborantes
1081 4412 1273 4486 ἀγκυλομήιις.
