3390 5178
311 339 374 404 178
561 338 603 394 De
622 337 744 408 Operum
757 338 888 421 ‘versibus
908 337 944 392 ab
964 337 1088 407 antiquis
1106 337 1239 393 laudatis.

308 503 343 566 in
365 503 529 567 manibus:
552 502 735 584 άναγκαῖον
757 497 800 585 ἦν
822 503 863 566 τά
886 502 1019 588 ζώπυρα
1042 510 1102 566 τοῦ
1126 500 1245 584 γε’νους
1267 513 1335 567 τῶν
1353 502 1485 589 άνθρώ-

308 631 381 675 πων
400 608 566 694 ἀρξάμενα
588 610 654 674 ὑπό
677 632 752 674 τινα
771 607 944 692 γεγονέναι
964 610 1118 695 φρουράν
1136 610 1176 673 τά
1194 608 1258 674 άπὸ
1277 613 1486 700 κρειττόνων,

308 717 392 780 ὥστε
413 713 494 780 κατ’
521 716 642 801 άρχολς
665 713 831 801 ἐπιμιξίαν
855 714 1028 798 γεγονέναι
1052 724 1111 799 τῆς
1133 718 1229 792 θείοις
1252 717 1382 800 φύσεως
1404 719 1486 800 πρὸς

308 826 387 900 τοὺς
409 822 621 909 ἀνθρώπους.
667 824 747 908 ὅπερ
775 821 830 888 καὶ
854 821 1065 908 ὁἈσκραῖος
1093 823 1230 906 ποιητὴς
1253 821 1379 888 ἐννοῶν
1402 818 1485 888 εἷπε·

468 964 563 1043 ξυναὶ
586 966 649 1053 γάρ
673 968 746 1031 τότε
769 967 879 1043 δαῖτες
902 968 992 1049 ἐσαν,
1016 963 1110 1044 ξυνοὶ
1134 961 1171 1030 dl
1194 967 1320 1031 θόωκοι

467 1073 665 1138 ἀθανάτοισι
689 1079 800 1138 θεοῖσι
823 1079 1045 1157 καταθνητοῖς
1067 1070 1095 1137 τ’
1125 1071 1326 1158 ἀνθρώποις.

396 1214 520 1291 Quibus
543 1215 690 1280 versibus
717 1215 752 1278 in
774 1216 862 1279 aurei
889 1215 959 1279 aevi
987 1215 1201 1298 descriptione
1229 1215 1388 1298 optimum
1416 1235 1485 1278 esse

306 1322 415 1387 locum
447 1327 479 1386 et
508 1345 566 1405 per
599 1344 632 1385 se
663 1326 796 1405 apparet
829 1326 861 1385 et
885 1322 1115 1405 comprobatur
1146 1322 1267 1386 diserto
1297 1322 1485 1385 testimonio

308 1429 499 1493 scholiastae
518 1428 559 1492 ad
577 1428 672 1492 Arati
685 1427 859 1493 Phaenom.
879 1452 907 1493 v.
924 1428 988 1493 102
1007 1452 1036 1512 p.
1054 1427 1095 1491 61
1117 1428 1163 1492 ed.
1178 1428 1317 1493 Bekker:
1340 1427 1361 1511 ἢ
1379 1430 1417 1493 τὸ
1436 1429 1485 1492 δί-

306 1560 403 1600 καιον
437 1547 514 1601 τῶν
547 1533 750 1622 προτέρων
779 1534 1003 1621 ἀνθρώπων
1032 1533 1145 1600 θέλων
1175 1533 1279 1613 δεῖξαι
1309 1533 1485 1620 δ”Αρατός

307 1660 412 1727 φησιν
435 1643 486 1707 ὅτι
508 1640 564 1707 καὶ
586 1643 668 1718 θεὸς
698 1637 782 1708 οὖσα
810 1644 857 1718 είς
885 1643 922 1707 τὸ
946 1643 1095 1728 φανερὸν
1119 1640 1236 1726 ἐφοίτα
1258 1653 1328 1718 τοῖς
1350 1641 1483 1727 ἀνθρώ-

307 1770 382 1826 ποις
405 1750 460 1813 διά
490 1751 527 1814 τὸ
556 1744 642 1836 εἶναι
673 1747 794 1824 αὐτοὺς
824 1750 984 1825 δικαίους.
1030 1750 1067 1813 τὸ
1100 1744 1137 1813 dl
1167 1747 1306 1833 άρχαῖον
1327 1750 1369 1814 τὸ
1393 1772 1485 1833 χρυ-

307 1865 405 1921 σοῦν
433 1854 567 1938 γένος,
601 1856 703 1940 παρὰ
732 1857 775 1920 τὸ
796 1852 1033 1920 Ἡσιόδειον·
1065 1852 1160 1932 ξυναὶ
1189 1855 1252 1938 γὰρ
1279 1857 1352 1920 τότε
1376 1855 1486 1931 δαῖτες

307 1964 401 2046 ἔσαν,
420 1944 519 2040 ’ξυνοὶ
544 1955 574 2025 d’
601 1957 644 2026 αὖ
667 1968 782 2026 θῶκοι.
828 1959 951 2025 iniuria
982 1983 1058 2025 sane
1088 1960 1286 2025 collocantur
1315 1983 1426 2025 versus
1450 1961 1484 2024 in

307 2072 399 2132 textu
422 2072 645 2133 nostrarum
668 2067 859 2152 editionum3
884 2069 939 2132 sed
957 2068 1076 2132 iniuria
1095 2090 1223 2152 quoque
1242 2068 1345 2151 spurii
1366 2067 1484 2133 haben-

307 2179 371 2253 tur,
384 2196 465 2258 quae
480 2173 601 2238 Sittelii
619 2174 746 2238 videtur
765 2197 835 2238 esse
855 2175 1015 2238 sententia
1031 2174 1176 2257 (Wiener
1191 2172 1280 2239 Stud.
1292 2173 1355 2239 XII
1369 2197 1390 2259 p
1412 2172 1484 2261 46);

307 2302 382 2344 nam
393 2280 660 2366 diligentissimus
676 2284 744 2344 erat
756 2280 791 2344 in
798 2279 941 2345 Hesiodo
958 2281 1117 2346 laudando
1131 2279 1285 2366 Origenes
1297 2285 1329 2345 et
1339 2282 1484 2347 scholion

307 2386 400 2451 Arati
414 2387 500 2452 haud
515 2388 580 2452 scio
596 2410 636 2451 an
649 2387 787 2471 pendeat
801 2410 839 2451 ex
854 2388 994 2452 Theonis
1010 2388 1205 2452 doctissimis
1214 2388 1484 2470 adnotationibus,

308 2494 426 2577 quibus
445 2495 524 2559 item
542 2516 609 2558 non
627 2494 740 2558 dubito
759 2494 854 2558 fidem
873 2495 998 2559 habere.
1040 2494 1173 2559 Accedit
1191 2495 1277 2579 quod
1296 2495 1485 2580 ampliorem

306 2601 407 2664 fuisse
430 2601 460 2665 h.
480 2602 500 2666 l.
524 2605 650 2665 textum
669 2601 808 2665 efficitur
831 2601 883 2665 vel
905 2624 944 2666 ex
962 2601 1125 2666 Diodoreo
1149 2601 1205 2666 illo
1225 2623 1329 2688 versu,
1352 2604 1408 2686 qui
1427 2603 1484 2666 im·

308 2708 424 2771 merito
448 2708 482 2772 in
505 2712 640 2772 nostra
662 2708 846 2772 recensione
868 2712 1057 2772 numeratur
1081 2707 1153 2772 120.

396 2813 518 2879 Versus
544 2815 607 2878 122
632 2819 664 2878 et
689 2814 752 2877 123
780 2815 943 2878 notissimi
971 2814 1151 2898 antiquitus
1179 2814 1350 2879 laudantur
1374 2838 1393 2878 a
1415 2815 1484 2899 plu-

264 2926 269 2931 *
306 2921 397 2985 rimis
421 2921 633 3005 scriptoribus
651 2943 716 2984 non
741 2920 809 2984 sine
828 2920 1049 3005 discrepantiis
1073 2921 1260 3007 maioribus,
1283 2944 1364 3006 quae
1387 2922 1484 2986 inter-

307 3028 424 3091 cedunt
447 3028 532 3091 inter
551 3049 662 3092 eorum
680 3027 779 3092 verba
797 3031 830 3090 et
853 3031 979 3110 textum
999 3050 1094 3111 quem
1112 3050 1172 3092 nos
1192 3032 1347 3093 tenemus.
1384 3027 1483 3093 Velut

307 3135 385 3197 dicit
402 3133 496 3197 Plato
516 3132 636 3217 Oratyl.
654 3156 685 3217 p.
706 3134 768 3196 397
781 3156 811 3198 e:
834 3133 922 3217 λέγει
946 3138 1064 3200 τοίνυν
1087 3133 1120 3220 (ὁ
1134 3132 1306 3221 Ἡσίοδος)
1329 3133 1404 3222 περὶ
1425 3135 1483 3200 αὐ-

307 3250 367 3305 τοῦ
391 3238 447 3326 (sc.
466 3238 586 3322 γένους
607 3238 761 3326 χρυσοῦ)·

418 3383 522 3468 αὐτὰρ
547 3381 680 3466 ἐπειδὴ
704 3392 801 3449 τοῦτο
825 3382 922 3467 γένος
944 3386 1026 3449 κατά
1049 3383 1151 3471 μοῖρ’
1178 3384 1353 3468 ἐκάλυψεν,

419 3491 459 3553 ot
479 3486 540 3573 μὲν
563 3491 718 3573 δαίμονες
741 3488 855 3573 άγνοὶ
880 3490 1111 3575 ἐπιχθόνιοι
1134 3491 1344 3557 καλέονται

420 3594 548 3679 ἐσθλοί,
571 3595 812 3681 ἀλεξίκακοι,
836 3600 982 3681 φύλακες
1003 3605 1140 3682 θνητῶν
1164 3598 1363 3685 ἀνθρώπων.

397 3736 519 3803 Contra
540 3738 618 3803 libri
641 3738 806 3805 Hesiodei:

396 3881 500 3968 αὐτάρ
524 3881 613 3947 ἐπεί
632 3907 699 3947 κεν
721 3891 820 3947 τοῦτο
844 3881 941 3966 γένος
962 3884 1044 3948 κατά
1067 3895 1159 3965 γαῖα
1180 3884 1340 3967 κάλυψεν,

396 3986 456 4053 τοὶ
480 3985 540 4072 μέν
564 3987 720 4073 δαίμονές
743 3992 819 4054 είσι
843 3991 941 4067 Διὸς
963 3991 1135 4073 μεγάλου
1158 3991 1223 4055 διὰ
1246 3991 1393 4074 βουλάς

397 4093 525 4177 ἐσθλοί,
548 4094 793 4179 ἐπιχθόνιοι,
816 4098 962 4181 φύλακες
983 4120 1048 4161 κτε.

397 4234 570 4320 Scripsisse
588 4241 695 4301 autem
714 4239 748 4302 in
767 4237 869 4303 altero
893 4261 986 4303 versu
1004 4238 1173 4304 Platonem
1197 4239 1394 4324 ἐπιχθόνιοι,
1416 4260 1482 4302 non

308 4342 519 4426 ὑποχθόνιοι,
543 4343 630 4426 quod
648 4365 734 4408 nunc
752 4345 873 4430 legitur
891 4346 927 4409 in
945 4346 1013 4410 eius
1036 4347 1140 4432 libris,
1162 4347 1319 4431 probatur
1337 4346 1482 4410 testimo-

306 4448 369 4511 niis
389 4448 583 4512 Theodoreti
606 4449 641 4513 in
663 4451 748 4514 libro
772 4451 810 4515 de
828 4456 961 4536 martyr.
980 4475 1010 4535 p.
1028 4454 1100 4538 119,
1114 4453 1159 4517 40
1179 4453 1222 4539 (p.
1238 4452 1303 4518 323
1323 4453 1369 4517 ed.
1390 4450 1481 4517 Gais-
