3342 5168
535 351 577 405 De
595 350 688 406 Procli
705 350 815 406 ratione
833 351 1044 422 interpretandi.
1330 356 1373 420 23

205 514 352 598 μογήσας
387 524 458 590 τοῖς
494 516 628 599 χρόνοις
667 517 763 599 μόγις
798 514 859 598 τὴν
900 514 1020 600 ἀρετὴν
1059 514 1236 582 ἐπικτᾶται.
1287 517 1374 594 Quae

205 620 344 685 fortasse
369 620 405 684 in
431 620 617 685 universum
639 624 671 685 et
693 619 732 685 de
755 643 813 685 suo
838 644 856 685 a
879 621 994 686 Tretza
1016 622 1101 687 diota
1125 627 1215 708 sunt,
1240 624 1276 688 in
1298 624 1374 690 Pro·

205 726 291 790 olum
322 730 406 791 certe
437 728 528 792 nullo
555 728 650 793 modo
679 728 849 812 quadrant:
882 729 994 812 quidni
1025 729 1217 814 accipiamus
1245 731 1283 796 de
1310 731 1373 796 alio

205 833 354 919 quodam,
376 834 432 917 qui
455 834 524 898 sine
547 834 656 919 dubio,
677 838 715 899 ut
737 838 850 919 postea
873 835 1020 921 elucebit,
1042 834 1192 920 Dionysii
1217 841 1249 902 et
1273 837 1374 902 Theo·

205 938 287 1004 dosii
309 939 402 1004 libris
426 961 520 1025 saepe
542 941 703 1006 utebatur.

293 1043 356 1110 Sed
377 1045 487 1111 redeat
510 1048 614 1113 oratio
638 1048 678 1112 ad
695 1047 854 1113 Proolum.
891 1047 953 1124 Qui
974 1071 1038 1133 quo
1057 1048 1191 1114 oonsilio
1210 1048 1250 1113 ed
1269 1047 1373 1133 Opera

203 1153 442 1237 interpretenda
470 1155 651 1240 accesserit,
680 1154 748 1238 ipse
775 1154 811 1219 in
837 1155 1073 1241 prolegomenis
1101 1156 1227 1239 aperuit
1254 1152 1299 1242 (p.
1325 1153 1372 1241 1):

202 1261 242 1325 τά
266 1256 303 1325 δὲ
314 1258 418 1346 Ἔργα
440 1258 495 1325 καί
516 1262 575 1338 τοῖς
588 1258 731 1346 Ἡμέρας
749 1259 805 1348 (se.
821 1259 977 1339 Ἡσίοδος
995 1265 1176 1328 σννθεῖναί
1191 1286 1246 1346 μοι
1266 1260 1372 1349 δοκεῖ)

203 1369 251 1443 εἰς
274 1368 468 1450 οίκονομίαν
490 1365 544 1432 καὶ
568 1366 764 1452 ἀπράγμονα
788 1368 874 1450 ζωὴν
891 1374 1127 1453 παρακαλῶν
1145 1371 1223 1444 τοὺς
1241 1367 1373 1454 ἀνθρύ-

201 1495 286 1550 πους
313 1472 377 1538 ἀπὸ
404 1482 462 1557 τῆς
488 1473 650 1558 ἀγοραίου
678 1471 732 1537 καί
756 1483 930 1559 φορτικῆς,
958 1475 1018 1559 ούχ
1042 1474 1154 1552 ἁπλῶς
1176 1477 1224 1552 είς
1246 1473 1373 1559 ἡδονὴν

202 1572 409 1663 ἀποβλέπων
435 1591 503 1645 τῶν
540 1578 797 1664 ἐντευξομένων,
836 1580 918 1646 ἀλλὰ
954 1582 1078 1663 ταύτην
1114 1577 1175 1664 μὲν
1206 1581 1373 1666 πάρεργον

202 1684 355 1770 θέμενος,
377 1685 438 1766 την
461 1681 499 1749 δὲ
522 1682 716 1767 ὠφέλειαν
733 1685 803 1766 τὴν
822 1689 878 1763 είς
896 1687 938 1751 τὸ
956 1680 1055 1769 ἦθος
1072 1688 1373 1771 προηγούμενον

203 1792 350 1858 σκοπὸν
372 1791 653 1875 ποιησάμενος,
678 1792 734 1855 ἵνα
755 1794 815 1856 τὸν
834 1792 922 1857 ίόιον
941 1795 1017 1876 βίον
1039 1794 1263 1877 κοσμήσαντες
1286 1792 1372 1858 οὕτω

201 1896 256 1964 καί
284 1906 342 1981 τῆς
368 1894 444 1979 περὶ
471 1898 509 1962 τὸ
536 1902 634 1961 θεῖον
657 1897 810 1979 γνώσεως
833 1897 989 1980 ἐπήβολοι
1013 1900 1194 1982 γενώμεθα.
1241 1897 1371 1963 διὸκαὶ

202 2003 274 2069 ἀπὸ
293 2005 436 2078 τούτου
454 2003 642 2087 προσήκει
661 2012 730 2068 τοῦ
749 2003 1051 2088 συγγράμματος
1070 2005 1275 2089 άρχεσθαι·
1293 2007 1372 2082 τοὺς

199 2111 264 2195 γάρ
282 2111 319 2175 τὸ
338 2104 424 2192 ἦθος
442 2107 649 2192 ἀκοσμήτους
661 2110 721 2174 τὸν
734 2112 859 2193 κόσμον
873 2120 999 2191 γνῶναι
1012 2116 1182 2187 παντελῶς
1196 2111 1371 2176 ἀδύνατον.

202 2217 219 2282 ὁ
242 2212 313 2301 μὲν
332 2210 403 2281 οὖν
421 2216 565 2291 σκοπὸς
583 2225 652 2281 τοῦ
671 2219 830 2300 βιβλίου
849 2216 1115 2294 παιόευτικός·
1138 2219 1176 2283 τὸ
1196 2213 1233 2282 δὲ
1251 2216 1372 2301 μέτρον

201 2323 310 2407 ὥσπερ
340 2321 471 2405 ἥδυσμά
499 2346 531 2386 τι
554 2330 599 2408 τῷ
622 2324 733 2409 σκόπῳ
757 2330 815 2405 τῆς
843 2319 1016 2407 ἑρμηνείας
1045 2321 1263 2407 ἐπιβέβληται.
1309 2322 1372 2399 Qui

201 2429 241 2493 ad
258 2427 436 2493 Hesiodum
458 2426 520 2492 hoo
543 2427 650 2491 animo
674 2427 762 2512 adiit,
784 2427 868 2492 nihil
890 2432 1034 2513 spectare
1055 2430 1173 2515 potuit,
1194 2429 1257 2494 nisi
1275 2433 1313 2493 ut
1332 2453 1370 2495 ex

201 2534 341 2601 carmine
375 2537 557 2618 quaereret,
593 2555 675 2617 quae
709 2533 908 2617 pertinerent
941 2535 981 2599 ad
1012 2534 1225 2600 emendandos
1257 2557 1369 2601 mores.

201 2640 301 2707 Cuius
329 2641 376 2704 rei
404 2639 550 2723 exempla
577 2643 651 2703 sunt
678 2639 826 2723 plurima.
870 2638 1006 2705 Interim
1032 2663 1134 2724 pauca
1161 2641 1239 2706 setis
1266 2641 1370 2706 habeo

201 2747 390 2832 significare.
427 2743 539 2809 Veluti
557 2744 713 2809 scholium
733 2744 772 2808 od
793 2743 1066 2834 v.106(p.106):
1085 2748 1121 2812 τὸ
1141 2746 1370 2831 ἐκκορυφῶσαι

201 2854 300 2937 δηλοῖ
324 2855 361 2919 τὸ
389 2851 599 2929 ἀποκαλύψαι
626 2850 681 2916 καί
710 2854 757 2928 είς
785 2852 891 2935 ἀκραν
918 2863 1043 2934 γνωσιν
1069 2852 1154 2936 ἡμᾶς
1181 2852 1370 2937 ἀναπέμψαι

200 2969 259 3044 τῆς
290 2959 507 3043 ἀνθρωπίνης
537 2959 677 3042 φύσεως.
723 2958 822 3041 δηλοῖ
851 2954 889 3023 δὲ
918 2959 955 3023 τὸ
984 2957 1196 3043 ἐπαγόμενον.
1241 2960 1369 3044 τὸγὰρ

200 3066 257 3144 ‘og
280 3066 407 3150 ὁμόθεν
425 3064 562 3147 γεγάασι
581 3061 657 3129 θεολ
676 3068 799 3147 θνητοί
816 3063 845 3129 τ’
867 3065 1059 3150 ἀνθρωποι’
1077 3077 1370 3151 προτρεπτικῶς

199 3169 269 3257 μέν
297 3179 450 3258 εῖρηται
473 3173 530 3248 είς
553 3170 703 3256 ἀρετήν.
749 3169 811 3235 Vel
833 3170 873 3235 ed
896 3194 924 3236 v.
943 3172 1008 3237 286
1033 3169 1077 3259 (p.
1098 3169 1189 3259 196):
1212 3173 1370 3238 κάλλιστα

199 3281 241 3342 τὸ
265 3279 489 3361 φιλόσοφον
511 3270 610 3359 ἦθος
633 3268 707 3341 οἶόν
730 3274 820 3341 ἐστιν
844 3279 949 3342 είπεῖν
972 3278 1028 3342 διὰ
1051 3279 1178 3343 τούτων
1202 3278 1219 3343 ὁ
1239 3280 1369 3344 Πλούτ-

199 3387 299 3468 αρχός
332 3380 466 3470 (φησιν)
499 3383 694 3465 δηλοῦσθαι.
739 3383 799 3447 τὸν
831 3379 892 3466 μὲν
921 3385 984 3469 γὰρ
1007 3381 1201 3469 Ἀρχίλοχον
1228 3382 1283 3449 καί
1310 3388 1370 3450 τὸν

195 3488 400 3556 Ἱππώνακτα
427 3492 637 3573 βλασφημίας
666 3489 857 3573 συγγράψαι
883 3491 965 3554 κατά
986 3478 1059 3555 ’τῶν
1082 3489 1302 3573 λυπησάντων
1316 3539 1323 3553 .
1339 3537 1369 3555 ..

200 3595 284 3662 ἀλλά
314 3596 374 3660 τὸν
406 3597 511 3672 ὅντως
542 3597 703 3680 μουσικὸν
726 3593 885 3661 Ἡσίοδον
916 3592 1021 3680 μηδὲν
1048 3606 1203 3662 τοιοῦτον
1229 3603 1368 3662 παθεῖν·

200 3702 240 3766 ού
263 3701 326 3786 γὰρ
349 3711 510 3784 μουσικοῦ
532 3706 569 3768 τὸ
589 3707 807 3787 μελαγχολᾶν·
832 3701 1023 3785 λυπηθέντα
1042 3699 1079 3768 δὲ
1096 3705 1180 3787 πρὸς
1197 3704 1257 3768 τὸν
1274 3703 1369 3769 ἀδελ-

200 3810 278 3891 φόν,
300 3804 374 3871 ἀντὶ
393 3816 453 3872 τοῦ
471 3811 690 3892 βλασφημεῖν,
712 3815 939 3890 νουθετεῖν,
962 3809 1095 3873 είδότα
1118 3817 1235 3873 τοῦτο
1258 3809 1304 3891 δὴ
1326 3810 1368 3874 τὸ

199 3921 268 3979 τού
291 3913 539 3998 Σωκράτους,
567 3914 617 3979 ὅτι
644 3924 708 3991 πᾶς
735 3915 753 3980 ὁ
781 3914 880 3990 κακὸς
907 3914 997 3978 ἀκων
1024 3912 1093 3979 ἐστὶ
1120 3917 1232 3991 κακός·
1263 3914 1368 3979 δεῖται

200 4015 262 4087 οὖν
284 4024 465 4097 νουθεσίας
487 4018 541 4085 καί
565 4026 645 4097 ίσως
667 4020 884 4103 ἐπιγνώσεται
907 4018 1026 4085 ἑαυτὸν
1049 4021 1130 4086 όντα
1151 4022 1263 4084 κακόν.
1307 4018 1368 4083 His

199 4126 291 4210 adde,
319 4148 400 4210 quae
427 4130 503 4190 sunt
532 4125 572 4190 ed
594 4149 622 4191 v.
643 4126 706 4190 709
731 4123 774 4212 (p.
795 4123 889 4212 384):
916 4136 1031 4192 τοῦτο
1059 4129 1264 4209 κινητικόν
1287 4125 1368 4192 ἐστι

198 4242 268 4299 τοῦ
291 4232 508 4317 ἀμνντικοῦ
531 4242 598 4316 τῆς
618 4241 755 4316 ψυχῆς·
780 4233 852 4298 δεῖν
875 4234 939 4318 γάρ
961 4237 1028 4298 κτλ.
1065 4230 1180 4296 Omnia
1197 4232 1369 4315 proverbia

199 4340 254 4404 ille
276 4361 336 4423 pro
359 4340 537 4425 praeceptis
560 4338 740 4403 ethicorum
761 4337 889 4425 habuit3
916 4339 988 4403 vide
1011 4339 1051 4403 ad
1073 4361 1101 4404 v.
1122 4338 1185 4403 727
1210 4336 1254 4425 (p.
1274 4336 1367 4426 393):

199 4447 255 4511 διά
291 4449 418 4513 τούτων
454 4449 503 4524 είς
539 4446 790 4532 εὐσχημοσύνην
825 4447 1005 4512 παιδεύει
1041 4443 1096 4511 καὶ
1132 4446 1172 4510 τά
1206 4444 1368 4527 ἀναγκαῖα
