3366 5168
301 315 364 383 136
495 313 647 371 Aristonici
665 316 730 384 περὶ
748 311 869 386 σημείων
886 321 937 371 τοῦ
952 311 1083 371 Ἡσιόδου
1101 314 1269 386 fragmenta.

300 479 363 545 317
380 501 426 565 sq.
455 483 488 545 et
514 500 587 545 eum
615 500 651 543 ea
678 499 745 543 non
769 477 982 543 intellexisset
1008 500 1111 563 neque
1140 477 1259 543 adisset
1282 477 1470 545 Alexandri·

299 607 416 651 norum
439 585 568 670 scripta,
589 584 624 649 in
647 576 765 668 quibus
787 584 865 650 hace
888 585 1055 671 inveniret,
1077 585 1137 649 hos
1160 607 1272 650 versus
1296 607 1336 650 ex
1353 585 1470 651 Home·

299 693 374 758 ricis
406 691 601 756 carminibus
630 690 666 754 in
692 690 827 756 Hesiodi
855 690 959 776 Opera
986 691 1162 757 translatos
1189 713 1257 756 esse
1285 692 1470 757 affirmasse.

298 799 435 864 Prorsus
464 798 657 862 contrariam
685 819 754 861 esse
780 820 848 862 rem
874 820 934 863 nos
957 797 1108 864 docuerat
1131 797 1289 863 scholium
1312 799 1352 863 ad
1375 801 1409 863 a
1426 798 1469 862 45

299 904 352 993 (cf.
380 905 565 988 Lehrsium,
597 904 635 967 de
661 902 761 968 Arist.
789 904 870 968 stud.
898 904 993 969 Hom.
1016 928 1045 988 p.
1066 903 1154 992 343).
1212 904 1305 970 Hanc
1333 904 1374 968 ob
1403 927 1470 969 rem

298 1013 360 1077 hoc
384 1033 511 1096 quoque
535 1011 606 1075 loco
624 1008 802 1074 Aristonici
826 1011 1073 1095 explicationem
1096 1011 1180 1096 signi
1198 1010 1396 1076 Aristarchei
1419 1035 1470 1076 cx-

300 1122 489 1202 spectamus,
513 1139 578 1201 quo
601 1116 798 1181 revocaverit
820 1117 856 1180 in
877 1121 1018 1182 mentem
1039 1118 1147 1183 locum
1167 1117 1388 1205 Homericum,
1416 1120 1470 1184 sed

299 1226 371 1310 ipsa
397 1225 496 1290 verba
524 1223 694 1288 restituere
717 1244 783 1287 non
804 1224 888 1289 licet.
911 1263 954 1270 -
978 1222 1031 1289 Ad
1053 1248 1080 1289 v.
1097 1224 1161 1289 345
1185 1225 1220 1288 in
1242 1228 1469 1291 commentario

299 1330 515 1398 Choercbosci
543 1330 674 1394 fuerunt
701 1329 779 1394 hacc
806 1331 872 1395 iere
899 1331 998 1395 verba
1020 1329 1210 1396 Aristonici:
1243 1343 1396 1416 σημεῖον,
1420 1335 1469 1398 ὅτι

292 1436 435 1522 Ὅμηρος
470 1439 508 1502 τὸ
546 1438 736 1515 ζώννυσθαι
773 1436 964 1515 ὁπλίζεσθαι
1001 1433 1106 1522 εἶπεν,
1144 1438 1261 1522 quibus
1293 1436 1470 1504 Aristonici

299 1543 402 1608 multa
434 1565 492 1607 sua
523 1542 638 1606 adiecit
672 1541 927 1627 Choeroboscus,
960 1547 996 1607 ut
1028 1565 1113 1608 nunc
1143 1544 1177 1608 in
1209 1544 1292 1609 male
1319 1549 1469 1630 excerpto

300 1650 422 1716 scholio
445 1673 475 1733 p.
490 1650 565 1736 224,
582 1648 667 1713 1-5
690 1649 820 1714 difficile
844 1650 888 1713 sit
911 1651 1018 1714 omnia
1039 1655 1126 1714 recte
1149 1650 1328 1716 diiudicare.
1354 1690 1395 1698 -
1419 1653 1470 1717 Ad

299 1781 328 1823 v.
348 1756 413 1822 353
436 1759 521 1821 recte
544 1755 706 1821 concludit
724 1754 874 1820 Flachius
898 1778 915 1820 e
934 1755 1056 1821 scholio
1076 1756 1115 1822 ad
1133 1779 1162 1821 v.
1184 1758 1226 1822 74
1244 1757 1344 1822 fuisse
1363 1759 1471 1843 diplen

299 1862 494 1949 Aristarchi,
529 1863 605 1947 quia
636 1884 731 1926 verus
762 1863 882 1927 inesset
918 1863 953 1927 in
989 1862 1041 1927 his
1077 1864 1242 1948 χαρακτὴρ
1276 1862 1470 1943 Ἡσιόδειος.

300 1970 463 2045 Quantum
486 1969 586 2034 distat
609 1969 649 2033 ab
672 1969 733 2034 hac
756 1969 872 2034 eximia
895 1967 1006 2034 critica
1028 1969 1174 2035 doctrina
1190 1969 1391 2056 Plutarchus,
1415 1972 1470 2056 qui

298 2077 385 2141 hunc
411 2097 540 2141 versum
568 2097 640 2140 cum
668 2075 877 2159 sequentibus
905 2075 1045 2160 expungi
1076 2075 1207 2141 iusserit
1242 2080 1324 2141 teste
1355 2076 1469 2143 Proclo

297 2207 328 2268 p.
347 2183 487 2268 228,14.

387 2289 470 2355 Item
497 2311 594 2374 quam
622 2290 704 2354 male
731 2288 927 2353 intellexerit
953 2287 1146 2355 Plutarchus
1174 2289 1356 2356 Aristarchi
1379 2292 1470 2377 signa

301 2400 487 2482 quantoque
506 2418 578 2461 cum
597 2419 656 2463 suo
675 2396 867 2460 detrimento
883 2394 1174 2462 Alexandrinorum
1191 2398 1370 2483 neglexerit
1385 2420 1470 2464 com-

298 2503 482 2590 mentarios,
498 2503 601 2568 elucet
620 2525 659 2567 ex
677 2503 746 2567 eius
765 2502 984 2586 disputatione
1002 2527 1033 2587 p.
1048 2504 1122 2584 230,
1143 2505 1160 2567 7
1181 2504 1220 2568 ad
1239 2526 1267 2568 r.
1282 2504 1357 2591 370,
1376 2527 1470 2589 quem

299 2635 426 2677 versum
450 2610 542 2676 obelo
561 2610 687 2675 notavit
705 2607 922 2674 Aristarchus.
968 2608 1019 2674 Ita
1037 2610 1119 2674 enim
1144 2611 1233 2696 legas
1251 2609 1358 2675 Procli
1381 2612 1470 2676 scho-

298 2719 391 2784 lium:
414 2727 557 2783 τοῦτον
575 2715 615 2782 δι’
631 2734 722 2793 τινες·
737 2719 796 2782 τὸν
815 2720 929 2802 στίχον
943 2715 1108 2801 ἐξέβαλον,
1122 2717 1157 2781 in
1176 2718 1294 2801 quibus
1313 2739 1370 2782 cur
1383 2717 1471 2795 τινές

299 2825 522 2892 Aristarchum
550 2826 582 2887 et
609 2820 831 2887 Aristonicum
862 2823 1057 2909 designaret,
1084 2824 1149 2888 iam
1181 2824 1470 2889 demonstravimus

299 2957 329 3018 p.
341 2934 405 2998 129
414 2954 460 3017 sq.
488 2930 516 2995 Ε
531 2928 697 2994 Plutarchi
711 2929 928 3014 disputatione
943 2934 1055 2994 contra
1068 2930 1150 2994 hanc
1166 2929 1336 2994 athetesim
1351 2932 1471 3014 scripta

301 3041 461 3125 quispiam
489 3036 681 3101 concluserit
703 3058 831 3100 versum
855 3035 995 3099 deletum
1014 3036 1054 3099 ab
1077 3033 1266 3100 Aristarcho
1286 3056 1355 3098 esse
1378 3037 1470 3117 quasi

300 3145 469 3228 indignum
492 3139 649 3225 Hesi0d03
677 3143 711 3203 at
736 3140 820 3204 clare
847 3140 931 3204 ratio
956 3139 1137 3204 Aristarchi
1164 3139 1376 3225 cognoscitur.
1431 3140 1470 3205 In

300 3251 356 3315 vit.
377 3247 469 3311 Thes.
489 3245 549 3310 c.3
568 3243 760 3309 Plutarchus
783 3244 913 3309 laudato
937 3244 1052 3309 Thesei
1076 3244 1289 3310 aro-Pittheo
1308 3246 1390 3311 dixit
1408 3247 1471 3312 He

301 3355 384 3420 siodi
403 3374 530 3418 versum
549 3350 623 3435 370,
643 3372 737 3434 quem
757 3350 859 3434 affert,
877 3374 895 3415 a
913 3352 1034 3435 multis,
1056 3352 1141 3416 inter
1159 3352 1219 3417 hos
1234 3353 1330 3418 etiam
1345 3355 1384 3418 ab
1398 3353 1470 3419 Ari-

303 3457 564 3544 stotele,Pittheo
576 3457 771 3542 adscriptum
780 3458 887 3522 fuisse.
916 3456 1047 3523 Accedit
1056 3458 1240 3544 Pausanias,
1251 3461 1306 3544 qui
1321 3482 1355 3525 se
1364 3460 1470 3545 ipsum

300 3565 457 3651 l.1131,3
472 3565 612 3629 affirmat
630 3564 748 3649 legisse
763 3564 909 3629 libellum
923 3565 1081 3649 quendam
1094 3566 1251 3650 Epidauri
1270 3567 1400 3650 editum,
1415 3567 1470 3651 qui

300 3673 375 3741 huic
393 3672 494 3737 eidem
512 3670 641 3736 Pittheo
661 3671 899 3738 attribueretur.
936 3672 1019 3747 Quid
1032 3677 1140 3737 autem
1153 3673 1360 3738 verisimilius
1375 3696 1470 3758 quam

301 3778 534 3865 Aristarchum,
555 3778 641 3863 quod
655 3800 765 3843 versus
785 3778 882 3843 etiam
896 3779 929 3842 in
943 3777 1065 3843 Pitthei
1079 3778 1188 3845 libello
1203 3780 1379 3865 legebatur,
1398 3801 1470 3843 eum

302 3887 330 3951 si
347 3907 414 3951 non
426 3883 549 3950 Pitthei
568 3884 670 3969 ipsius
688 3888 721 3949 at
740 3888 826 3949 certo
845 3885 1008 3968 proverbii
1026 3885 1129 3950 instar
1148 3890 1244 3970 atque
1258 3885 1391 3950 Hesiodi
1405 3907 1471 3949 non

300 3993 467 4079 proprium
491 3992 672 4057 censuisse?
717 3990 787 4056 Hac
810 3992 905 4055 dere
929 3992 1032 4076 egisse
1055 3993 1090 4056 in
1112 3991 1324 4077 explicatione
1346 3993 1471 4057 Aristo-

300 4101 410 4165 nicum
438 4098 644 4163 coniectando
675 4098 834 4162 affirmare
861 4098 944 4162 licet.
975 4135 1016 4144 -
1046 4098 1074 4162 Ε
1104 4098 1226 4163 scholio
1255 4098 1470 4164 Ohoerobosci

298 4208 341 4272 ad
365 4229 393 4270 v.
413 4205 477 4270 378
496 4228 526 4288 p.
546 4203 655 4289 238,5
684 4204 804 4288 optime
832 4205 1037 4289 cognoscitur
1063 4205 1149 4269 hunc
1176 4227 1304 4270 versum
1332 4204 1372 4269 ab
1399 4203 1470 4267 Ari·

303 4311 432 4377 starcho
456 4312 501 4388 ὡς
525 4310 725 4393 ἀδιανόητον
748 4310 841 4376 obelo
865 4311 1029 4396 signatum
1052 4334 1127 4376 esse.
1176 4310 1290 4395 Deest,
1319 4315 1356 4375 ut
1379 4310 1471 4396 solet,

301 4419 372 4489 cius
403 4438 530 4505 nomen,
559 4415 614 4481 sed
646 4417 734 4482 adest
766 4415 898 4481 verbum
924 4415 1190 4504 παρέγγραπτον,
1222 4438 1285 4501 quo
1314 4415 1353 4503 ad
1380 4417 1471 4501 signa
