3366 5168
315 324 380 389 122
563 324 605 378 Dc
623 322 778 378 Aristarchi
796 321 827 377 in
845 322 1001 379 Hesiodum
1019 322 1235 379 commentariis.

314 490 481 574 Κόμανος,
504 488 622 571 quippe
646 508 741 571 quern
765 485 863 552 Suida
886 490 970 553 teste
993 510 1016 552 6.
1039 511 1068 553 1.
1092 491 1218 553 6616161
1241 508 1330 551 more
1349 487 1489 574 illorum,

315 595 371 678 qui
395 593 582 660 ἐνστατικοί
601 597 757 657 16661111
776 591 829 681 (cf.
851 593 961 659 Lehrs.
980 594 1019 659 de
1037 592 1219 659 Aristarchi
1238 593 1353 659 studiis
1372 594 1489 661 Home-

315 701 390 766 ricis
413 723 442 784 p.
465 701 527 765 199
536 697 608 786 sq.),
631 700 804 767 confecisse
822 700 942 765 librum
960 702 1166 788 προστάσεις,
1185 701 1212 766 61
1232 699 1489 767 Schoemannum

315 829 420 892 opusc.
450 805 534 871 6661.
558 804 608 871 ΠΙ
630 829 660 891 p.
680 805 722 870 57
752 807 929 892 sequimur,
956 807 1008 872 vel
1034 811 1285 895 προτεινόμεναι
1314 807 1489 896 ἐρωτήσεις
1565 880 1568 885 ,

312 913 520 1000 inscriptum,
552 913 735 978 acutissime
766 913 849 979 liber
876 911 1101 979 Aristarcheus
1132 919 1164 978 et
1192 914 1261 999 ipse
1293 914 1487 1001 designatur.

313 1019 399 1086 Nam
421 1020 684 1105 praecedentibus
706 1019 758 1085 his
776 1021 899 1086 verbis:
922 1028 1021 1088 τοῦτο
1040 1017 1077 1086 dt
1095 1019 1150 1086 καὶ
1165 1023 1488 1110 Κόμιινος...ιιροῦ-

313 1151 401 1193 recor
424 1127 531 1213 pergit
554 1127 740 1192 scholiasta:
764 1126 881 1212 φησὶν
904 1122 975 1194 οὖν
995 1126 1215 1215 Ἀρίσταρχος,
1238 1129 1258 1193 1.
1277 1150 1303 1193 6.
1321 1128 1488 1212 respondit

313 1234 536 1323 Aristarchus,
563 1232 705 1300 Comano
736 1234 858 1300 scilicet
885 1236 920 1299 in
941 1235 1039 1321 libro,
1067 1256 1162 1320 quem
1185 1237 1298 1299 contra
1320 1256 1393 1299 eum
1415 1256 1487 1299 con-

313 1343 484 1427 scripserat
512 1342 669 1426 inscripto
696 1344 779 1428 πρὸς
802 1340 1007 1430 Κόμανονῑ),
1034 1341 1072 1407 16
1096 1363 1159 1426 quo
1182 1340 1255 1407 1116
1278 1340 1399 1406 scholia
1421 1340 1488 1407 Ho-

315 1450 434 1514 merica
456 1455 488 1514 A
507 1448 564 1536 97,
586 1453 614 1513 B
636 1449 715 1533 798,
738 1447 897 1537 n1102).
951 1448 1072 1514 Contra
1094 1446 1273 1514 Comanum
1296 1470 1368 1513 cum
1395 1471 1487 1534 pecu·

312 1555 424 1621 liarem
451 1556 572 1620 librum
599 1555 825 1640 conscripserit
848 1554 1073 1641 Aristarchus,
1100 1577 1167 1620 non
1189 1556 1224 1620 in
1247 1556 1484 1621 commentariis

315 1662 497 1728 Homericis
527 1662 740 1747 responderit,
768 1662 897 1728 videtur
923 1663 978 1729 1116
1001 1663 1227 1747 conscripsisse
1250 1662 1370 1727 librum
1392 1685 1486 1729 suum

313 1774 389 1854 post
416 1766 598 1834 Aristarchi
630 1771 848 1856 ὑπομνήματα
880 1774 912 1836 61
945 1772 1143 1856 διορθώσεις
1162 1768 1378 1856 Homericos,
1410 1791 1487 1856 crgo

315 1876 412 1941 etiam
435 1880 510 1961 post
528 1874 706 1941 Hesiodum
729 1875 894 1966 editumi‘),
910 1875 1118 1942 Aristarchus
1139 1881 1254 1963 eutem,
1273 1880 1310 1941 ut
1328 1876 1486 1942 editiones

315 2005 389 2048 sues
413 1982 607 2069 defenderet,
629 1983 876 2068 responsionum
903 1984 1023 2049 librum
1050 1984 1102 2048 161
1127 1984 1229 2049 libros
1259 1984 1485 2067 composuisse.

313 2088 573 2175 interrogaverat
591 2095 709 2177 autem,
722 2091 786 2155 nisi
802 2091 908 2156 611116
921 2114 973 2155 me
986 2090 1114 2178 fallunt,
1127 2088 1288 2156 Comanus
1302 2090 1486 2177 editione,

312 2218 379 2261 non
414 2198 643 2262 commentario
677 2190 858 2262 Aristarchi
895 2220 986 2284 usus,
1002 2219 1076 2290 ‚cur
1112 2219 1179 2263 non
1210 2196 1379 2263 delevisset
1414 2195 1486 2261 Ari·

315 2300 462 2369 starchus
491 2326 603 2368 versus
625 2302 804 2370 Hesiodeos
828 2302 1016 2393 96-984),
1047 2305 1103 2389 qui
1126 2325 1199 2369 cum
1221 2304 1485 2389 praecedentibus

314 2415 496 2497 pugnarent
523 2414 620 2496 atquc
648 2411 748 2476 additi
776 2410 960 2477 1116161111
987 2436 1006 2477 6
1033 2413 1140 2477 166616
1168 2433 1246 2498 quo,
1274 2413 1331 2496 qui
1359 2433 1485 2477 omnem

315 2540 404 2602 spem
426 2519 584 2583 noluisset
607 2519 726 2585 auferri
748 2519 949 2606 hominibus3
973 2520 1090 2605 quibus
1107 2519 1254 2585 versibus
1273 2519 1386 2584 deletis
1405 2519 1485 2603 opti-

312 2648 401 2690 mum
428 2625 498 2690 fieri
527 2626 701 2690 transitum
728 2648 747 2690 a
774 2649 869 2692 versu
894 2627 937 2693 95
966 2627 1004 2692 61
1032 2649 1142 2693 versus
1173 2625 1236 2691 100
1246 2647 1314 2710 sqq.
1365 2623 1486 2691 Contra

311 2732 394 2797 hanc
428 2732 637 2819 sententiam,
665 2754 728 2817 que
750 2734 896 2799 versibus
923 2734 1063 2800 delendis
1091 2732 1323 2817 interpretandi
1351 2731 1486 2797 difficul-

235 2899 239 2905 .
311 2842 396 2904 16166
424 2839 537 2905 tollere
569 2839 748 2927 studerent,
776 2841 954 2924 disputavit
984 2840 1078 2906 credo
1101 2838 1309 2905 Aristarchus
1332 2842 1429 2923 atquc
1451 2838 1485 2902 id

312 2969 437 3011 summo
474 2947 552 3011 inre.
611 2946 762 3012 Pervenit
796 2952 904 3012 autem
939 2947 1008 3011 eius
1047 2946 1224 3011 sententiae
1259 2945 1414 3011 memoria
1450 2946 1484 3009 in

310 3057 420 3119 vetera
443 3052 566 3117 scholia
589 3074 628 3117 ex
646 3052 780 3137 Didymi
800 3052 917 3117 harum
938 3074 1046 3117 rerum
1069 3051 1256 3135 peritissimi
1276 3052 1393 3117 dehoc
1412 3053 1483 3118 loco

384 3301 411 3368 1)
429 3294 561 3367 Κάρανος
570 3295 671 3365 Gaisi.;
686 3297 736 3351 661
751 3297 838 3352 etiam
852 3295 983 3368 Κορανός
1000 3296 1046 3351 161
1059 3297 1197 3368 Κώμανος
1211 3298 1304 3352 exstat
1317 3296 1347 3350 in
1361 3297 1485 3368 scholiis,

310 3404 363 3442 nec
386 3403 443 3441 non
465 3384 634 3439 recentiores
658 3385 749 3441 critici
773 3386 884 3441 variant
906 3385 937 3439 in
960 3386 1108 3440 scribendo
1130 3384 1251 3441 nomine.
1289 3385 1426 3458 Κώμιινος
1443 3387 1485 3441 11-

311 3476 394 3528 detur
412 3473 488 3528 tradi
507 3472 537 3527 in
552 3473 666 3529 scholiis
681 3473 797 3530 Venetis
811 3473 979 3544 Homericis3
999 3491 1118 3543 quorum
1131 3491 1188 3529 non
1202 3473 1391 3529 dubitaverim
1406 3476 1485 3544 sequi

312 3562 517 3618 auctoritatem.

384 3654 412 3723 2)
431 3651 471 3707 cf.
491 3669 602 3722 quoque
620 3653 775 3722 Lehrsium,
795 3654 830 3708 16
844 3653 929 3710 Arist.
945 3654 1017 3709 stud.
1032 3654 1112 3710 Hom.
1127 3673 1154 3724 p.
1170 3659 1204 3708 20
1215 3672 1265 3724 sq,
1283 3653 1483 3724 Ludwichium,

310 3739 396 3796 Arist.
420 3741 493 3796 hom.
518 3740 655 3797 Textkrit.
674 3742 688 3796 I
704 3761 731 3812 p.
747 3748 794 3811 23,
818 3741 956 3813 imprimis
975 3741 1226 3815 Sengebuschiumf,
1244 3742 1354 3798 Homer.
1375 3742 1483 3797 dissert.

310 3830 324 3884 I
341 3849 367 3901 p.
384 3836 417 3886 29
428 3848 469 3900 sq.
505 3829 578 3886 Vide
597 3830 684 3886 etiam
703 3830 937 3899 Sohoemannum,
962 3848 1005 3902 op.
1025 3832 1105 3887 6661,
1123 3832 1163 3885 HI
1180 3850 1208 3902 p.
1224 3838 1256 3886 57
1277 3833 1306 3886 et
1323 3830 1483 3902 Bergkium,

310 3919 442 3976 Zeitschr.
466 3920 485 3976 f.
511 3922 538 3977 d.
557 3920 804 3977 Alterthumswiss.
829 3927 912 3991 1848,
938 3940 965 3992 p.
984 3926 1050 3991 498,
1075 3920 1152 3975 cuius
1176 3923 1273 3975 contra
1296 3919 1484 3975 coniecturam

309 4008 450 4065 neminem
473 4010 555 4064 credo
573 4010 658 4065 hodie
677 4009 894 4080 disputaturum.

381 4101 409 4169 9)
426 4097 670 4153 Verisimillimum
688 4097 763 4152 enim
781 4099 833 4167 est,
847 4097 965 4153 Hesiodi
984 4097 1108 4153 carmina
1127 4098 1164 4153 ab
1183 4114 1216 4153 eo
1235 4096 1313 4153 edita
1331 4112 1392 4152 esse
1411 4096 1484 4151 inter

310 4186 432 4258 priorem
457 4189 487 4242 61
509 4186 691 4257 posteriorem
709 4185 824 4241 Homeri
841 4186 1041 4257 recensionem,
1060 4187 1140 4241 cuius
1158 4186 1292 4256 temporis
1312 4186 1406 4241 omnia
1424 4185 1483 4240 eius

310 4278 377 4331 sunt
404 4291 501 4345 opera,
534 4273 636 4343 quibus
665 4275 701 4329 61
728 4273 843 4328 Homeri
871 4274 996 4329 carmina
1020 4274 1121 4331 melius
1149 4274 1344 4346 cognoscenda
1371 4291 1485 4345 operam

310 4363 432 4419 navavit.

333 4520 336 4528 Ι
381 4457 409 4524 4)
429 4452 532 4508 Versus
548 4457 581 4509 99
600 4451 631 4508 in
641 4451 1106 4524 11161666161616161116861611111
1126 4451 1159 4509 of.
1175 4450 1258 4508 huius
1278 4451 1386 4509 dissert.
1397 4452 1444 4523 HI,
1457 4457 1481 4507 3.
