3366 5168
300 357 364 421 130
492 355 645 411 Aristonici
662 356 727 423 περὶ
746 351 866 424 σημείων
884 361 934 408 τοῦ
949 349 1081 408 Ἡσιόδου
1099 352 1265 422 fragmenta.

298 541 363 602 quo
394 518 603 583 Plutarchum
634 540 729 582 usum
758 539 827 581 esse
860 539 957 600 supra
984 539 1013 600 p.
1040 515 1102 580 108
1131 518 1178 579 est
1206 514 1470 600 demonstratum,

298 622 505 689 Aristarchea
535 628 626 708 sunt,
653 645 726 687 cum
754 623 954 687 recensiones
982 621 1280 707 grammaticorum,
1311 621 1366 706 qui
1394 624 1469 685 ante

298 729 523 796 Aristarchum
546 729 712 794 ediderunt
735 727 869 793 Hesiodi
892 727 1047 813 carmina,
1070 750 1086 792 e
1110 728 1227 812 quibus
1251 749 1352 792 unum
1370 725 1469 810 Apol-

297 837 421 901 lonium
443 835 608 900 Rhodium
630 836 793 917 novimus,
815 835 893 899 haec
916 834 1009 919 signa
1030 856 1096 898 non
1119 832 1287 898 videantur
1308 834 1470 920 habuisse,

299 941 422 1007 Seleuci
449 946 557 1007 autem
580 942 737 1026 recensio,
765 963 846 1024 quae
868 963 932 1005 una
955 944 1030 1024 post
1052 938 1292 1004 Aristarcheam
1314 939 1400 1004 facta
1423 940 1469 1003 in-

296 1050 420 1136 notuit,
448 1053 535 1114 certo
560 1071 578 1112 a
600 1047 773 1112 Plutarcho
796 1068 862 1112 non
885 1047 929 1110 sit
952 1046 1104 1111 adhibita.
1149 1046 1296 1130 Denique
1319 1045 1374 1109 ille
1396 1045 1469 1109 Plu-

297 1156 401 1220 tarchi
434 1156 517 1219 liber
545 1158 654 1238 aperte
682 1153 842 1219 consentit
870 1175 942 1217 eum
969 1152 1054 1217 libro
1081 1153 1246 1217 veterrimi
1278 1151 1468 1216 scholiastae

298 1263 508 1346 aliorumque,
530 1283 612 1345 quos
631 1260 819 1324 crediderim
838 1281 947 1324 omnes
966 1281 1044 1324 usos
1063 1281 1133 1323 esse
1151 1258 1335 1324 recensione
1354 1258 1469 1342 optimi

297 1368 513 1455 grammatici,
539 1366 719 1432 Aristarchi
746 1366 907 1430 nimirum.
959 1365 1027 1442 011
1055 1366 1093 1430 de
1120 1388 1155 1430 re
1182 1366 1280 1430 etiam
1310 1365 1374 1430 alio
1397 1365 1468 1430 loco

297 1476 392 1540 nobis
412 1475 473 1539 erit
492 1472 720 1558 disputandum
739 1469 782 1559 (v.
800 1472 897 1536 huius
917 1471 992 1536 diss.
1012 1470 1055 1536 lv
1076 1472 1092 1535 1
1114 1468 1209 1559 116).
1255 1469 1349 1536 Obeli
1368 1470 1469 1557 igitur

298 1580 498 1646 Aristarchei
520 1579 698 1645 necessario
720 1579 784 1642 fuit
801 1575 979 1643 Aristonici
1000 1577 1181 1665 explicatio,
1204 1578 1258 1642 sed
1278 1578 1354 1662 quid
1367 1578 1469 1662 disse-

297 1689 412 1772 ruerit,
441 1688 616 1773 nescimus,
642 1685 745 1769 ipsius
769 1690 876 1750 autem
895 1683 1076 1749 Aristarchi
1096 1685 1255 1750 sententia
1274 1669 1469 1750 demonstra·

297 1795 385 1859 bitur
408 1816 466 1859 suo
486 1795 557 1859 loco
579 1792 690 1879 (huius
708 1792 781 1856 diss.
802 1791 860 1878 IV,
874 1789 917 1878 3).
965 1790 1113 1877 Denique
1138 1814 1253 1857 moneo
1278 1792 1414 1857 fortasse
1435 1793 1470 1856 in

298 1899 512 1966 Ohoerobosci
545 1921 672 1984 quoque
700 1898 929 1963 commentario
957 1897 995 1963 de
1022 1898 1083 1963 hac
1109 1920 1144 1962 re
1172 1919 1241 1963 esse
1268 1898 1467 1983 disputatum

297 2012 394 2091 atque
422 2030 460 2071 ex
488 2030 526 2072 eo
550 2005 707 2071 scholium
730 2008 929 2089 excerptum,
957 2005 1042 2089 quod
1065 2006 1218 2070 uoniam
1241 2005 1306 2090 legi
1333 2026 1352 2067 a
1374 2005 1468 2069 nobis

296 2135 362 2178 non
389 2115 508 2178 mirum
539 2118 600 2198 est,
628 2135 700 2177 cum
727 2112 850 2197 aliquid
877 2111 981 2176 simile
1008 2111 1072 2175 iam
1100 2112 1282 2176 inveniatur
1304 2112 1339 2175 in
1362 2110 1468 2176 Procli

297 2219 442 2306 scholiis,
473 2219 560 2303 quod
591 2219 832 2303 excerptoribus
865 2218 1033 2282 brevitatis
1066 2217 1245 2283 colentibus
1279 2223 1329 2283 sat
1361 2240 1468 2302 super-

297 2347 358 2409 que
381 2325 452 2390 fuit.

386 2429 508 2497 Contra
536 2453 603 2496 non
629 2431 799 2495 tribuerim
826 2428 1012 2495 Aristonico
1039 2430 1129 2494 illam
1159 2429 1374 2496 Ohoerobosci
1401 2454 1469 2497 ver-

297 2537 412 2603 11185
436 2537 684 2624 interpungendi
706 2538 865 2602 rationem
883 2560 912 2620 p.
933 2537 984 2622 99,
1005 2536 1056 2624 10,
1076 2536 1109 2600 id
1133 2537 1220 2621 quod
1242 2536 1391 2603 Flachius
1409 2561 1469 2604 nos

296 2646 398 2710 facere
426 2646 516 2709 iubet
538 2668 569 2729 p.
588 2644 662 2709 437.
712 2642 798 2708 Nam
826 2644 886 2708 etsi
914 2643 1112 2708 crederemus
1139 2645 1196 2709 illo
1223 2644 1294 2709 loco
1321 2645 1404 2710 hanc
1427 2646 1467 2710 ob

296 2773 423 2816 causam
447 2752 487 2816 ab
510 2749 699 2816 Aristarcho
724 2753 846 2835 διπλῆν
869 2751 1008 2835 positam
1027 2773 1104 2837 esse,
1122 2751 1195 2835 quis
1213 2751 1342 2816 tandem
1361 2752 1469 2836 potuit

296 2856 425 2922 edocere
454 2855 676 2922 Aristonicum
706 2856 740 2920 id
771 2858 882 2922 fecisse
905 2855 1137 2939 Aristarchum,
1168 2860 1205 2920 ut
1236 2857 1297 2922 hoc
1329 2858 1381 2922 vel
1411 2858 1468 2922 illo

295 2964 392 3029 modo
416 2964 720 3048 interpungeretur?
746 3001 784 3009 —
808 2962 935 3026 Rursus
953 2960 1138 3026 Aristonico
1161 2962 1231 3026 iure
1254 2964 1468 3047 assignantur,

297 3093 378 3155 quac
408 3074 484 3133 11111
512 3070 553 3132 11
575 3091 603 3132 v.
624 3069 667 3133 90
689 3090 718 3151 p.
736 3068 814 3152 100,
827 3068 887 3153 21,
913 3068 969 3131 ubi
997 3071 1224 3149 comparantur
1251 3067 1412 3133 Homerus
1436 3073 1468 3131 et

296 3174 469 3258 Hesiodus,
503 3174 542 3236 ad
569 3196 597 3237 v.
623 3173 666 3237 94
688 3195 717 3256 p.
743 3172 821 3259 102,
842 3172 876 3257 8,
908 3174 984 3256 quia
1016 3172 1248 3259 adnotationes,
1280 3174 1397 3257 quibus
1429 3197 1467 3239 ex

296 3282 399 3365 ipsius
426 3283 539 3364 poetae
567 3280 674 3344 verbis
703 3283 791 3344 aetas
814 3280 881 3344 eius
904 3279 1055 3344 definitur
1080 3279 1131 3363 (cf.
1155 3279 1276 3345 scholia
1298 3280 1469 3345 Homerica

190 3389 197 3406 “
296 3391 331 3451 K
346 3386 422 3472 431,
445 3385 557 3469 1246,
581 3391 611 3450 Λ
632 3386 706 3472 750,
723 3391 768 3451 Μ
781 3384 849 3474 22),
871 3386 1043 3451 manifesto
1066 3385 1271 3451 Aristarchea
1293 3387 1400 3453 studia
1422 3411 1468 3452 re·

297 3493 406 3557 dolent
436 3489 489 3578 (cf.
518 3491 617 3556 schol.
647 3492 767 3557 31527
793 3498 825 3557 11
853 3491 1023 3557 Lehrsium
1056 3492 1094 3556 de
1125 3491 1225 3558 Arist.
1258 3493 1340 3558 stud.
1373 3493 1467 3558 Hom.

295 3621 325 3681 p.
348 3597 408 3661 191
415 3648 424 3680 ,
448 3596 542 3685 226),
574 3598 614 3663 ad
636 3622 665 3664 v.
688 3600 731 3665 97
755 3623 783 3684 p.
806 3600 883 3686 103,
901 3600 958 3683 24,
990 3599 1047 3663 ubi
1079 3599 1256 3683 explicatur
1287 3599 1468 3665 Aristarchi

298 3706 397 3789 διπλῆ
429 3708 561 3789 propter
592 3718 855 3793 καταχρηστικῶς
886 3728 952 3770 non
983 3710 1106 3792 κυρίως
1137 3711 1325 3791 usurpatam
1357 3729 1468 3771 vocem

295 3811 419 3894 θύραζέ
449 3811 616 3896 adscripta.
641 3851 683 3859 -
706 3811 746 3877 V.
768 3812 831 3876 104
853 3811 1045 3876 Plutarchus
1072 3811 1192 3876 librum
1211 3835 1304 3878 suum
1327 3811 1468 3877 Aristar-

296 3917 390 3981 cheae
417 3919 611 3983 recensionis
639 3923 766 3984 secutus
794 3919 1012 4003 proscriptum
1039 3940 1108 3983 esse
1138 3918 1271 3983 tradidit
1294 3920 1467 4001 statimque

296 4024 438 4107 disputat
461 4047 534 4089 cum
558 4047 594 4090 eo
618 4030 730 4091 contra
749 4025 918 4090 athetesim
936 4024 1068 4090 Proclus
1082 4049 1111 4109 p.
1129 4024 1202 4111 105,
1216 4026 1267 4090 21.
1304 4024 1366 4091 Sed
1384 4045 1467 4110 nego

296 4130 505 4195 Plutarchum
528 4135 612 4197 recte
631 4133 825 4196 coniectasse
843 4131 882 4195 de
899 4132 1024 4196 ratione
1044 4131 1129 4196 obeli
1147 4130 1355 4215 Aristarchei,
1374 4153 1468 4215 quem

296 4258 355 4322 ego
384 4236 566 4301 adhibitum
595 4260 663 4302 esse
691 4259 851 4324 censeam,
878 4238 965 4323 quod
990 4260 1101 4302 versus
1129 4259 1383 4321 supervacaneus
1410 4258 1469 4301 nec

297 4342 377 4406 satis
400 4342 501 4406 facete
524 4342 629 4407 dictus
651 4343 832 4428 videbatur,
854 4340 1032 4410 Aristonici
1055 4348 1163 4408 autem
1185 4344 1283 4408 verba
1305 4343 1383 4407 haec
1402 4343 1468 4407 fere

295 4448 377 4512 mihi
400 4450 533 4534 fingam:
557 4449 733 4532 ἀθετεῖται,
756 4448 806 4514 ὅτι
829 4448 983 4534 παρέλκει
1006 4451 1043 4514 τὸ
1066 4458 1142 4534 σιγῇ
1165 4447 1221 4514 καὶ
1243 4453 1406 4537 περιττόν.
1424 4488 1468 4541 ᾗ
