3390 5178
451 348 493 403 Dc
512 347 634 418 Operum
652 347 777 403 versibus
798 347 834 401 ab
853 345 976 415 antiquis
995 346 1128 405 laudatis.
1315 347 1378 413 217

207 517 239 576 et
270 510 387 578 Suidae
422 535 445 578 s.
469 536 497 577 v.
529 512 672 595 ἑλεδώνη
691 509 727 576 Ib
752 512 815 576 176
830 511 882 598 Β.,
915 511 1135 597 lexicographi
1163 510 1264 577 Paris.
1295 513 1380 597 apud

207 618 346 685 Cramer.
365 620 482 686 Anecd.
502 620 572 684 Par.
587 618 635 685 IV
653 644 684 704 p.
700 619 773 700 132,
789 620 819 705 9,
837 619 990 704 anonymi
1008 618 1093 704 apud
1107 616 1246 684 Cramer.
1260 618 1380 686 Anaed

207 725 309 792 Oxon
332 726 417 813 H'p.
437 727 512 813 437,
534 728 577 793 23
609 725 681 815 (ubi
713 724 829 792 τένθει
861 729 910 791 est
942 726 1132 791 manifestus
1166 747 1254 790 error
1285 728 1380 792 scri·

208 835 335 922 bandi,
363 857 438 900 nam
466 832 682 899 Choerobosci
711 838 760 898 est
787 832 965 918 disputatio
994 831 1173 898 eSuidae
1198 832 1302 898 lexico
1330 856 1382 898 ex-

208 942 341 1027 scripta3
368 942 453 1006 idem
480 941 602 1006 factum
630 941 718 1006 vides
746 940 782 1005 in
809 963 857 1006 vv.
878 941 1056 1005 436-440
1084 963 1107 1006 s.
1126 964 1155 1006 v.
1184 943 1381 1026 ζυγομαχεῖν

207 1045 282 1135 (An.
303 1047 361 1113 Ox.
379 1047 412 1114 H
435 1073 467 1133 p.
487 1048 562 1135 443,
581 1047 639 1137 20)
669 1053 701 1112 et
727 1049 790 1113 hoc
817 1070 946 1132 quoque
968 1047 1039 1113 loco
1064 1070 1187 1113 summa
1210 1048 1324 1112 menda
1347 1048 1382 1113 in

207 1156 374 1220 scribendo
393 1153 593 1243 commissa);
616 1155 695 1220 adde
714 1155 808 1221 alios:
827 1154 1026 1239 Hesychium
1041 1178 1064 1220 s.
1074 1178 1114 1242 1.,
1134 1155 1381 1241 grammaticum

206 1262 429 1329 doctissimum
453 1261 686 1351 (Herodianum
707 1261 860 1349 nannet),
883 1285 978 1346 quem
997 1263 1152 1347 expilavit
1171 1262 1322 1327 Eustath.
1341 1262 1381 1328 ad

206 1367 244 1436 Π.
267 1393 297 1453 p.
319 1369 392 1455 773,
411 1372 463 1458 29,
495 1369 586 1456 aiios,
618 1391 756 1455 quorum
788 1369 951 1435 doctrinae
982 1369 1067 1435 nihil
1099 1373 1148 1436 est
1177 1369 1380 1437 necessitatis

207 1500 279 1541 cum
295 1474 532 1561 Ohoerobos003
550 1476 614 1541 nisi
633 1498 703 1541 eam
722 1498 849 1561 quoque
868 1499 907 1541 ex
920 1476 1105 1542 Herodiano
1123 1477 1226 1547 mavis
1240 1476 1382 1564 fluxisse,

206 1585 240 1653 id
271 1584 358 1668 quod
390 1605 449 1669 ego
481 1607 548 1649 non
579 1584 811 1669 denegaverim.
857 1584 1093 1649 Testimonium
1123 1583 1281 1669 Antigoni
1310 1581 1380 1648 Car.

206 1695 384 1777 praetereo,
412 1691 468 1775 qui
495 1691 530 1755 in
556 1690 641 1756 Hist.
669 1691 739 1759 mir.
763 1688 847 1778 (Par.
862 1689 924 1772 Gr.
944 1690 1035 1778 ΧΧΙ,
1053 1690 1096 1756 25
1124 1691 1171 1756 ed.
1190 1689 1377 1776 Westerm.)

206 1820 273 1869 non
295 1798 404 1863 addito
427 1802 541 1882 poetae
562 1799 707 1884 nomine,
730 1820 825 1862 versu
848 1801 885 1862 ut
907 1799 1080 1863 notissimo
1103 1820 1191 1884 usus,
1213 1797 1381 1883 neglegen-

206 1905 331 1970 tissime
354 1903 464 1990 τέμνει
487 1905 648 1990 exhibuit3
673 1928 769 1990 quam
791 1904 961 1969 lectionem
985 1905 1013 1969 si
1036 1906 1086 1970 vis
1109 1905 1218 1990 potius
1238 1904 1380 1991 glossam

207 2012 321 2076 ducere
351 2016 384 2077 et
415 2012 541 2077 crimini
571 2012 646 2077 dare
675 2011 824 2100 librario,
852 2034 919 2076 non
949 2011 1140 2077 obstiterim.
1187 2011 1249 2077 sed
1271 2011 1381 2098 fuisse,

207 2120 263 2205 qui
292 2119 425 2184 mallent
455 2119 541 2203 apud
567 2119 747 2184 Hesiodum
777 2119 875 2184 scribi
903 2118 1038 2184 τένθειν
1066 2119 1122 2184 διὰ
1150 2128 1211 2184 τοῦ
1237 2105 1265 2185 θ
1292 2118 1382 2184 scho-

205 2226 301 2291 liasta
329 2226 368 2290 ad
390 2224 489 2291 Arist.
512 2224 583 2290 Pec.
605 2226 691 2291 1009
716 2226 761 2290 ed.
785 2225 897 2310 Blayd.
912 2225 1069 2311 tradidit,
1097 2226 1154 2310 qui
1181 2226 1250 2310 ipse
1274 2225 1381 2292 τένδει

206 2336 313 2398 servat
340 2337 377 2397 ut
405 2334 624 2419 genuinum3
653 2355 692 2397 ex
719 2355 784 2418 quo
812 2332 934 2398 scholio
958 2354 1024 2398 non
1046 2332 1180 2398 insolito
1205 2333 1268 2397 sibi
1290 2333 1381 2397 fonte

206 2438 320 2504 Suidas
339 2438 390 2504 Hb
415 2440 501 2504 1072
515 2440 551 2505 Β.
576 2462 599 2504 s.
618 2462 647 2505 v.
670 2438 806 2516 τένθαις
825 2462 883 2504 sua
902 2440 1078 2523 exscripsit.
1111 2439 1173 2515 Qui
1191 2439 1313 2505 fuerint
1331 2438 1382 2503 1111

207 2545 271 2630 alii,
292 2546 461 2631 nescimus,
482 2567 625 2610 necnon
642 2546 725 2610 unde
742 2545 822 2611 haec
840 2546 986 2610 doctrina
1003 2546 1184 2629 pervenerit
1202 2545 1237 2610 in
1255 2543 1381 2610 Aristo·

206 2651 321 2735 phanis
344 2651 509 2717 scholium.
547 2652 669 2716 Tamen
689 2675 759 2717 eam
778 2674 907 2736 quoque
924 2653 1026 2717 fuisse
1045 2652 1123 2717 olim
1141 2653 1176 2716 in
1199 2651 1380 2717 veterrimis

74 2834 79 2841 .
207 2758 349 2845 scholiis,
368 2762 464 2844 atque
482 2759 533 2823 vel
550 2781 618 2825 non
635 2759 709 2823 inde
723 2759 914 2844 exscriptam
929 2782 948 2823 a
963 2758 1187 2825 Choerobosco
1201 2759 1253 2823 vel
1266 2763 1380 2843 postea

206 2865 443 2949 pessumdatam
465 2866 535 2930 iure
557 2865 638 2931 mihi
658 2866 770 2931 videor
788 2866 953 2950 suspicari.
986 2864 1064 2930 Inde
1081 2866 1143 2931 hoc
1160 2865 1380 2951 fragmentum

205 2970 338 3054 Didymi
356 2973 536 3038 restituam
563 2971 616 3061 (cf.
640 2971 797 3038 Choerob.
821 2996 851 3056 p.
871 2973 947 3059 315,
967 2971 1014 3060 9):
1047 2970 1198 3059 ce'vdec·¹
1225 2975 1378 3057 σημαίνει

205 3079 243 3143 τὸ
268 3077 375 3144 ἐσθίει
397 3081 491 3144 κατὰ
514 3081 663 3163 τροπὴν
686 3089 755 3145 τοῦ
778 3079 1034 3164 ἀντιστοίχον
1058 3080 1144 3144 οὕτω
1168 3076 1285 3166 ῥηθέν,
1309 3077 1379 3145 ἐπεὶ

205 3182 328 3268 τένθης
355 3183 484 3269 λέγεται
512 3187 530 3253 ὁ
554 3186 730 3271 ὀξυπείνης
752 3186 808 3253 καὶ
830 3185 1026 3273 spotiatus.
1072 3188 1185 3252 ἄλλοι
1209 3183 1254 3251 δέ
1273 3170 1381 3263 τινὲς

205 3290 318 3357 τένθει
350 3294 407 3358 διδι
438 3304 498 3360 τοῦ
525 3281 559 3359 θ.
605 3294 764 3378 Didymus
797 3298 904 3359 autem
937 3294 966 3358 si
996 3294 1076 3378 legit
1104 3297 1137 3357 et
1166 3294 1235 3378 ipse
1262 3291 1380 3378 τένδει,

205 3397 296 3461 nulla
324 3402 430 3463 exstat
457 3401 596 3465 varietas
623 3401 780 3466 lectionis.
805 3440 846 3447 -
870 3400 946 3465 Alia
973 3423 1023 3464 res
1051 3403 1099 3464 est
1125 3400 1164 3464 de
1186 3422 1282 3464 versu
1305 3398 1379 3464 525.

205 3502 272 3568 Ubi
299 3503 486 3569 traditum
515 3505 777 3592 1111111511,
802 3529 878 3571 nam
900 3507 936 3571 in
957 3507 1195 3571 recentissimos
1218 3506 1319 3572 libros
1344 3506 1380 3572 ἐν
1477 3532 1479 3535 ·

205 3611 303 3692 ἤθεσι
328 3611 458 3695 irrepsit
480 3635 497 3676 e
521 3611 644 3677 scholio
666 3610 783 3699 Procli,
806 3613 841 3676 in
862 3612 960 3676 huius
984 3617 1091 3677 autem
1114 3614 1380 3678 commentarium

206 3739 223 3780 e
245 3714 434 3804 Plutarcho,
465 3718 499 3782 id
527 3718 612 3802 quod
640 3720 678 3783 fit
705 3718 911 3784 manifestum
939 3723 1124 3803 comparato
1152 3719 1249 3783 huius
1276 3720 1379 3803 ipsius

205 3825 391 3890 testimonio
425 3823 478 3912 (de
510 3825 617 3890 solert.
650 3826 745 3890 anim.
778 3849 807 3909 p.
832 3824 932 3889 965f.
957 3824 1018 3912 Vl,
1037 3826 1079 3890 29
1094 3823 1145 3911 Β.)
1170 3863 1212 3871 -
1241 3824 1329 3901 Quae
1360 3850 1379 3891 a

205 3931 389 4015 Phrynicho
426 3933 598 3997 traduntur
635 3933 675 3997 ad
706 3954 834 3997 versum
866 3931 931 3998 528
965 3933 999 3996 in
1030 3931 1228 3997 Bachmanni
1260 3931 1378 3997 Anecd.

205 4058 252 4123 gr.
271 4033 304 4101 Π
327 4060 356 4121 p.
376 4038 452 4124 385,
471 4039 522 4125 16,
555 4039 680 4123 omitte,
712 4040 789 4123 quia
815 4039 863 4104 ibi
890 4062 990 4104 unum
1017 4039 1209 4104 vocabulum
1238 4041 1379 4126 βράδιον

205 4144 428 4231 confirmatur,
453 4145 579 4229 reliqua
602 4149 710 4209 tamen
732 4144 806 4230 παρ’
825 4145 961 4229 Ἕλλησι
984 4145 1031 4210 111
1055 4149 1131 4210 sunt
1153 4150 1318 4231 corrupta,
1341 4151 1379 4211 ut

205 4250 241 4313 in
271 4272 400 4316 versum
432 4252 532 4337 recipi
563 4274 630 4316 non
660 4252 794 4335 possint.
842 4252 1059 4318 Choerobosci
1091 4253 1250 4319 scholium
1281 4253 1378 4318 huius

206 4376 316 4421 versus
350 4358 519 4442 exscripsit
550 4357 691 4424 Zonaras
719 4382 748 4443 p.
768 4359 832 4423 407
863 4382 887 4424 s.
910 4382 938 4425 v.
971 4362 1188 4448 βραδύτερον,
1220 4359 1377 4425 Zonaram

207 4459 319 4525 Thom.
343 4462 428 4548 Mag.
451 4489 481 4549 p.
501 4464 545 4529 04
568 4465 614 4530 ed.
637 4463 792 4533 Ritschel.
816 4465 925 4531 eadem
949 4489 973 4533 s.
992 4489 1021 4531 v.
