3366 5168
278 300 342 365 100
497 298 661 354 Plutarchei
680 298 717 352 ad
736 297 828 368 Opera
847 296 1042 352 commentarii
1059 297 1226 368 fragmenta.

275 462 395 548 omnia,
423 466 456 527 et
482 466 570 527 certa
592 466 624 527 et
646 462 754 527 minus
776 465 876 546 certa,
899 481 1079 545 proponam
1103 482 1141 525 ex
1165 459 1275 525 ordine
1298 461 1449 526 carminis

274 567 463 656 Hesiodei.¹)

363 675 555 741 Plutarchus
591 677 694 761 igitur
730 676 843 740 statim
878 675 973 739 initio
1009 697 1039 759 p.
1071 674 1106 757 4,
1136 676 1245 760 lsqq.
1282 674 1449 740 adnotavit

273 783 487 868 Praxiphanis
516 787 548 847 et
576 782 756 848 Aristarchi
784 781 965 846 athetasim.
1015 779 1198 846 Stoicorum
1225 803 1314 846 more
1341 781 1450 866 dispu-

277 889 360 955 tavit
392 890 431 954 de
463 889 588 974 origine
619 889 759 955 nominis
787 887 935 973 Hesiodi,
965 887 1050 973 apud
1078 887 1229 953 Proclum
1256 912 1286 973 p.
1306 887 1393 974 24,5
1417 892 1449 953 01

273 996 382 1081 Etym.
405 994 514 1082 Magn
538 996 617 1080 438,
637 994 694 1082 25;
721 994 805 1060 idem
832 995 941 1059 eadem
968 993 1094 1060 ratione
1121 994 1161 1059 ad
1187 997 1255 1060 11
1284 995 1323 1059 10
1345 994 1449 1060 Musis

274 1101 328 1190 (cf.
362 1125 460 1187 supra
496 1125 525 1186 p.
558 1099 631 1189 52),
667 1102 706 1167 10
742 1101 858 1166 harum
887 1123 1022 1167 numero
1059 1103 1232 1166 secundum
1268 1101 1451 1189 Eumelum,

273 1208 412 1275 Aratum
430 1209 662 1293 Epicharmum
686 1208 777 1296 alios,
799 1209 838 1272 de
860 1230 970 1273 earum
992 1208 1070 1273 filiis
1087 1232 1120 1302 p.
1141 1208 1182 1273 27
1194 1230 1251 1294 sq,
1273 1209 1451 1276 dehoram

272 1317 441 1383 nominum
465 1316 590 1400 etymis,
613 1316 752 1380 maxime
775 1316 948 1380 secundum
967 1313 1124 1400 Orphicas
1148 1317 1324 1381 sententias
1347 1341 1376 1402 p.
1392 1318 1450 1403 31,

273 1423 331 1487 illa
358 1422 508 1507 denique,
540 1445 621 1507 quae
648 1422 687 1487 de
714 1421 863 1487 Melisseo
891 1427 924 1487 01
947 1421 1139 1506 Lysimacho
1168 1427 1245 1487 sunt
1272 1446 1302 1509 p.
1326 1423 1383 1509 333
1410 1424 1449 1489 cf.

274 1551 372 1613 snpra
405 1552 435 1613 p.
458 1528 510 1593 52.
569 1528 763 1594 Plutarchus
794 1529 919 1594 idemne
950 1529 1110 1595 censuerit
1142 1530 1181 1594 de
1212 1529 1346 1595 delendo
1378 1553 1450 1615 pro-

274 1636 377 1701 oemio
397 1633 450 1723 (cf.
469 1652 499 1720 p.
515 1636 558 1700 32
569 1633 631 1723 sq.)
660 1640 756 1720 atque
782 1636 916 1701 Procles
939 1658 969 1720 p.
993 1636 1028 1719 4,
1058 1636 1192 1701 dubium
1220 1640 1282 1721 est,
1310 1637 1449 1703 maxime

272 1747 406 1827 propter
433 1743 502 1808 cius
527 1743 625 1808 verba
647 1744 683 1807 in
708 1740 806 1808 (lonv.
831 1747 954 1828 quaest.
972 1765 1002 1828 p.
1022 1743 1109 1808 736e
1132 1740 1222 1831 (edit.
1244 1743 1378 1810 Bernad.
1402 1743 1450 1809 IV

273 1847 366 1936 359):
399 1849 540 1938 ᾅσαντος
568 1848 609 1916 dl
636 1853 680 1916 τὰ
703 1862 835 1935 πρῶτα
861 1849 1114 1936 τῶνἝργων·
1139 1851 1201 1916 οὐκ
1230 1852 1294 1936 ἄρα
1322 1861 1450 1935 μοῦνον

273 1960 332 2041 ἔην
358 1956 422 2023 κτὲ.
454 1996 490 2003 -
518 1956 672 2022 Proxima
699 1962 775 2023 sunt
802 1980 874 2022 mea
901 1958 1062 2022 sententia
1089 1956 1129 2021 ad
1156 1980 1185 2022 v.
1209 1959 1252 2024 32
1275 1980 1305 2041 p.
1328 1956 1386 2043 59,
1406 1957 1450 2023 60

273 2064 312 2128 10
340 2062 455 2129 Cerere
485 2068 517 2128 et
543 2062 744 2147 Proserpina.
797 2062 880 2128 Sunt
908 2064 994 2129 enim
1021 2088 1050 2149 p.
1074 2063 1132 2151 58,
1152 2063 1194 2129 25
1226 2065 1363 2150 vestigia
1393 2064 1450 2129 illa

273 2170 405 2235 fusioris
438 2170 667 2254 disputationis
703 2170 741 2235 de
778 2170 961 2236 Stoicorum
1000 2171 1219 2258 etymologiis,
1251 2194 1355 2256 neque
1392 2176 1450 2258 est,
1514 2143 1528 2171 ⁴

273 2298 330 2341 cur
363 2281 589 2362 argumentum
617 2299 685 2342 non
716 2277 885 2342 conveniat
916 2277 952 2341 in
982 2276 1200 2344 Plutarchum.
1254 2279 1364 2346 Etiam
1393 2281 1450 2344 illa

274 2382 313 2446 de
340 2383 514 2468 asphodelo
542 2407 571 2468 P·
600 2384 658 2471 64,
687 2384 728 2449 15
761 2384 802 2449 ad
828 2407 857 2449 v.
884 2386 926 2451 41
961 2382 1014 2471 (fr.
1047 2382 1128 2472 3B.)
1151 2386 1343 2470 comparatis
1376 2384 1449 2450 aliis

274 2489 354 2554 locis
376 2487 608 2574 Plutarcheisss)
636 2490 729 2555 facile
756 2490 819 2555 tibi
848 2491 1045 2576 persuaseris
1067 2489 1260 2557 Plutarchea
1282 2514 1365 2579 esse,
1393 2496 1449 2557 ant
1495 2554 1498 2560 ,
1601 2492 1605 2498 ’

272 2595 344 2682 ipsa
377 2602 433 2662 aut
461 2597 580 2662 similia
608 2596 785 2663 admodum.
839 2595 917 2683 Gyri
944 2598 1056 2663 deinde
1088 2598 1270 2683 exemplum
1297 2599 1336 2663 ad
1358 2621 1386 2664 v.
1405 2598 1449 2664 46

273 2725 303 2788 p.
324 2705 379 2790 72,
402 2727 475 2770 cum
502 2705 592 2770 nullo
624 2705 720 2770 modo
748 2727 788 2769 ex
815 2704 982 2771 Herodoto
1010 2706 1082 2789 ipso
1110 2709 1276 2790 sumptum
1302 2704 1450 2770 videatur

274 2806 326 2897 (cf.
363 2811 502 2877 maxime
533 2835 563 2896 p.
594 2812 649 2898 72,
675 2809 750 2899 25),
781 2812 891 2876 tribuo
927 2811 1110 2877 Plutarcho,
1172 2810 1327 2877 Addenda
1365 2816 1449 2897 sunt,

274 2939 355 3001 quae
382 2941 412 3002 p.
443 2919 499 3005 74,
526 2918 546 2982 3
580 2918 619 2983 ad
648 2941 677 2983 v.
702 2918 744 2982 47
775 2916 957 2983 Stoicorum
985 2918 1138 2985 exhibent
1167 2916 1382 3007 (10011110111)
1406 2957 1449 2966 -

272 3022 401 3088 Primus
424 3027 475 3088 est
497 3025 596 3109 locus,
618 3024 676 3088 ubi
697 3046 816 3089 nomen
838 3024 946 3107 ipsum
968 3025 1117 3113 occurrit,
1138 3049 1168 3111 p.
1190 3025 1335 3112 7116011
1357 3048 1387 3090 1.
1406 3025 1448 3089 48

273 3127 370 3215 (Μο1.
389 3132 419 3213 5,
437 3153 466 3213 p.
487 3130 505 3193 7
509 3129 621 3213 6477,
640 3130 670 3214 5,
688 3152 718 3213 p.
738 3129 782 3194 20
799 3128 881 3213 Did,
904 3130 966 3215 frg.
984 3128 1078 3219 4Β.).
1115 3132 1236 3219 Agitur
1258 3131 1297 3196 de
1319 3130 1449 3197 Prome-

273 3234 350 3300 theo
379 3235 480 3319 deque
511 3235 658 3301 lectionis
681 3237 837 3301 varietate
860 3234 1110 3323 (ποικιλομήτης
1133 3239 1200 3304 sive
1222 3242 1450 3324 ποικιλόμητις

273 3345 306 3406 01
334 3339 587 3429 ἀγκυλομήτης).
636 3340 724 3418 Quae
750 3340 1023 3426 Wyttenbachius
1051 3348 1083 3408 et
1112 3343 1302 3410 Duebncrus
1329 3345 1450 3411 habent

274 3470 313 3512 ex
337 3448 468 3513 scholiis
491 3470 521 3531 p.
541 3448 593 3532 76,
611 3448 708 3535 5-7,
732 3449 778 3513 eis
797 3448 894 3514 addas
912 3448 1082 3515 Procliana
1104 3474 1134 3535 p.
1156 3452 1207 3538 76,
1227 3454 1348 3519 7-11:
1366 3451 1450 3517 nihil

274 3554 360 3618 enim
388 3554 426 3618 de
455 3555 612 3620 ranetate
640 3555 816 3621 lectionum
842 3555 975 3622 Proclus
1006 3557 1075 3622 sine
1102 3557 1285 3624 Plutarcho.
1340 3557 1448 3623 Addas

363 3715 389 3783 1)
408 3714 514 3767 Auctor
535 3712 619 3767 huius
642 3712 861 3783 dissertationis,
885 3713 1022 3785 neglectis
1045 3715 1180 3772 hocloco
1199 3715 1364 3786 fragmentis
1383 3714 1449 3769 Plu-

273 3800 396 3856 tarcheis
416 3801 451 3856 ab
472 3801 536 3856 aliis
554 3802 585 3856 in
603 3802 782 3872 quaestiones
795 3802 914 3873 vocatis,
928 3804 1051 3858 velutin
1064 3809 1273 3876 programmate
1288 3822 1305 3861 a
1320 3804 1449 3861 Scheerio

274 3890 439 3961 conscripto,
457 3894 638 3960 praematura
655 3896 745 3948 morte
762 3909 799 3947 ne
818 3892 922 3948 omissa
941 3893 1058 3948 adderet
1075 3893 1228 3964 impeditus
1243 3897 1298 3966 est,
1317 3909 1409 3963 neque
1423 3893 1450 3948 ei

274 3979 480 4036 dissertationis
504 3980 711 4037 Westerwickii
739 3982 932 4052 inspiciendae
962 3986 1025 4037 erat
1045 3983 1176 4038 facultas.
1219 3982 1273 4049 Qui
1295 3985 1361 4053 post
1385 3999 1450 4037 eum

273 4068 501 4124 dissertationem
523 4069 599 4138 typis
622 4069 838 4141 imprimendam
861 4070 983 4141 curavit,
1008 4073 1054 4126 sat
1077 4072 1180 4127 habuit
1202 4072 1301 4127 afferre
1319 4087 1449 4126 numeros

272 4155 470 4211 Bernadakisii
488 4157 544 4212 vol.
563 4157 623 4227 Vll,
641 4175 677 4213 ne
696 4161 787 4213 totum
805 4159 859 4213 hoc
879 4163 964 4230 caput
983 4160 1166 4216 subverteret.

363 4248 390 4315 2)
409 4245 449 4300 cf.
469 4244 504 4300 de
523 4245 597 4300 facie
615 4246 646 4299 in
664 4246 723 4302 orb.
742 4246 799 4301 lun.
819 4264 847 4317 p.
863 4253 937 4302 9400
955 4248 1009 4320 (ed.
1028 4249 1110 4304 Bern.
1124 4250 1158 4304 V.
1173 4253 1238 4319 457)
1253 4251 1282 4303 01
1297 4249 1374 4320 Sept.
1390 4265 1448 4318 sap.

275 4350 352 4389 conv.
371 4353 398 4405 p.
416 4341 490 4389 15‘1e
505 4334 559 4405 (ed.
573 4335 605 4389 B.
619 4335 632 4388 I
646 4337 717 4404 385).

362 4427 389 4493 3)
409 4422 448 4479 Cf.
468 4424 502 4477 Η.
521 4423 676 4493 Flachium,
695 4424 832 4495 „Glossen
849 4443 877 4481 11.
892 4425 954 4482 Sch.
975 4429 1047 4482 etc.“
1066 4446 1093 4498 p.
1109 4432 1152 4482 67.
