3390 5178
488 336 531 411 De
549 357 672 428 Operum
689 352 814 412 versibus
834 354 870 412 ab
889 356 1014 427 antiquis
1032 356 1163 415 laudatis
1347 359 1408 424 161

329 519 452 586 Versus
476 521 563 585 6-8
591 544 675 586 unus
702 522 812 586 laudat
839 520 903 587 Dio
926 521 947 586 l.
965 522 1000 610 l.‚
1023 522 1170 606 idemque
1193 545 1222 588 v.
1242 525 1262 588 6
1286 527 1318 587 et
1338 524 1356 586 7
1382 523 1417 587 in

244 629 389 693 oratione
417 627 522 692 LXIV
548 652 578 712 p.
598 628 708 693 594M
745 627 917 716 (siquidem
954 629 1023 693 eius
1060 627 1138 715 est)3
1175 630 1231 694 ubi
1263 630 1415 695 exhibent

241 735 319 799 libri
345 734 462 799 Dionis
491 736 564 799 ub
598 733 684 812 ἀέξει
712 738 744 799 et
772 734 868 821 ἀίξει,
890 735 957 799 ul
995 736 1114 820 χάρφει
1147 740 1179 799 et
1211 736 1324 823 κάρφι,
1345 737 1414 802 68

243 845 330 907 ναίει
354 845 386 906 et
404 845 478 908 νίει.
501 879 545 887 -
568 840 656 916 Quae
678 841 799 926 legitur
823 864 897 925 pars
915 865 944 906 v.
966 841 986 905 9
1005 841 1114 925 Etym.
1133 842 1240 928 Magn.
1255 866 1285 927 p.
1300 844 1375 929 276,
1385 844 1414 929 8,

245 949 428 1013 monuimus
456 970 553 1031 supra
571 970 601 1031 p.
619 948 659 1012 78
688 970 758 1012 eam
786 970 855 1013 esse
879 971 916 1012 ex
941 945 1156 1013 Choerobosci
1181 949 1311 1014 scholiis
1335 950 1415 1033 peti-

240 1058 320 1140 tam3
346 1056 456 1139 itaque
483 1076 550 1119 non
579 1058 655 1119 sunt
683 1055 779 1119 verba
802 1054 1023 1141 Etymologici
1053 1055 1200 1120 habenda
1226 1057 1298 1121 loco
1326 1059 1416 1122 testi-

239 1162 341 1226 monii
375 1161 508 1226 alterius
545 1161 721 1245 scriptoris.
780 1161 934 1225 Eiusdem
972 1184 1084 1227 versus
1116 1162 1258 1247 priorem
1289 1167 1415 1247 partem

239 1269 350 1333 laudat
372 1273 505 1353 propter
529 1269 579 1332 dei
602 1269 861 1353 implorationem
880 1268 1054 1334 scholiasta
1072 1270 1112 1333 ad
1132 1268 1284 1353 Aeschyli
1304 1269 1415 1354 Suppl.

243 1376 292 1439 77.
307 1414 351 1422 —
365 1373 504 1440 Versum
523 1377 563 1442 10
577 1375 720 1441 laudavit
735 1376 785 1441 Ps.
800 1375 906 1442 Draco
921 1374 965 1463 (p.
981 1377 1032 1441 89.
1049 1374 1115 1464 14),
1129 1378 1219 1441 cuius
1234 1378 1331 1442 verba
1351 1377 1415 1461 ἐγὼ

240 1479 278 1547 dt
294 1481 373 1568 nul,
387 1483 485 1547 etiam
499 1483 527 1547 si
541 1487 654 1548 contra
668 1488 807 1548 metrum
820 1506 886 1548 non
900 1484 1049 1566 facerent,
1063 1487 1171 1548 tamen
1189 1485 1346 1549 abicerem
1364 1484 1416 1548 vel

239 1589 407 1653 minimam
439 1590 652 1655 recentissimi
685 1591 825 1655 auctoris
855 1594 988 1674 propter
1016 1591 1241 1655 auctoritatem
1269 1595 1301 1655 et
1329 1590 1416 1675 quod

240 1696 391 1760 facillime
415 1697 592 1780 explicatur
615 1696 798 1781 corruptela
821 1720 860 1761 ex
883 1697 1114 1782 pronuntiandi
1138 1697 1235 1762 verba
1253 1696 1308 1762 καὶ
1327 1701 1360 1761 et
1378 1693 1415 1762 κὲ

240 1825 328 1866 more
346 1802 607 1886 Byzantinorum.
645 1802 826 1867 Pronomen
839 1802 994 1867 Doricum
1013 1805 1095 1886 τύνη
1110 1803 1242 1867 affertur
1256 1804 1291 1867 in
1305 1803 1414 1886 Etym.

240 1908 347 1994 Magn.
366 1932 395 1993 p.
416 1909 489 1973 314.
504 1909 547 1973 43
571 1909 710 1974 laudatis
733 1909 918 1974 novissimis
943 1909 1050 1973 verbis
1072 1931 1182 1974 versus
1199 1911 1278 1973 noni
1297 1910 1415 1994 primo-

241 2038 303 2099 que
318 2037 429 2080 versus
445 2015 572 2096 decimi3
592 2016 649 2099 qui
666 2016 755 2080 locus
769 2037 882 2099 nempe
901 2016 1079 2080 doctrinam
1098 2014 1243 2080 redolens
1263 2013 1314 2102 (cf.
1330 2017 1415 2080 enim

240 2122 452 2188 Eustathium
469 2147 500 2208 p.
519 2121 594 2186 573.
614 2124 671 2208 21,
701 2121 795 2188 1044.
815 2123 872 2207 42,
902 2122 996 2187 1359.
1017 2120 1074 2209 33)
1106 2145 1172 2188 non
1208 2126 1258 2186 est
1293 2123 1415 2187 nullius

240 2230 344 2313 pretii.
386 2229 480 2295 Nihil
499 2229 686 2294 adiuvamur
705 2229 911 2316 testimoniis,
933 2229 990 2294 ubi
1008 2252 1060 2294 res
1079 2230 1158 2294 item
1172 2234 1221 2294 est
1235 2230 1366 2315 incerta,
1380 2230 1415 2293 in

240 2337 442 2401 diiudicanda
461 2337 649 2421 quaestione
672 2337 709 2400 de
727 2359 804 2401 voce
823 2335 948 2422 Πέρση,
966 2337 1057 2401 cuius
1075 2337 1146 2401 loco
1166 2336 1319 2401 exhibent
1337 2337 1414 2400 libri
1516 2331 1519 2336 ’

239 2444 388 2508 nonnulli
412 2443 536 2531 Πέρσῃ.

813 2607 843 2670 2.

329 2725 483 2812 Sequitur
505 2750 581 2813 pars
603 2731 641 2793 τὸ
666 2730 712 2804 εἰς
726 2726 863 2810 Ἔριδας
885 2751 904 2792 a
927 2728 1087 2792 Pausania
1109 2733 1301 2812 nuncupata.

274 2836 278 2845 “
332 2833 453 2899 Versus
489 2838 526 2900 11
561 2835 712 2899 laudatur
739 2857 758 2898 a
789 2833 963 2899 Plutarcho
996 2835 1031 2898 in
1065 2832 1196 2899 Conviv.
1234 2835 1412 2918 quaestion.

239 2965 268 3027 p.
290 2945 378 3008 7366
401 2939 491 3028 (edit.
514 2941 608 3005 Bern.
627 2940 683 3006 IV.
704 2939 798 3027 359),
826 2945 858 3005 et
880 2945 1012 3026 propter
1034 2941 1128 3005 illum
1150 2942 1326 3024 particulae
1350 2942 1413 3026 ἄρα

240 3072 334 3114 nsum
351 3048 539 3114 Aristonico
558 3048 762 3135 Didymoque
781 3047 953 3130 probatum
973 3043 1025 3132 (cf.
1041 3069 1139 3136 supra
1152 3070 1182 3131 p.
1204 3048 1266 3112 126
1281 3051 1313 3112 et
1334 3046 1411 3133 144)

239 3157 273 3219 in
292 3156 423 3221 scholiis
444 3156 622 3221 Homericis
646 3177 727 3240 quae
751 3155 901 3219 dicuntur
923 3155 1048 3218 minora
1071 3154 1112 3218 ad
1135 3158 1166 3217 P
1187 3154 1248 3219 147
1268 3152 1326 3240 VI,
1349 3154 1410 3218 217

240 3263 285 3327 ed.
301 3263 343 3326 M.
364 3264 484 3347 absque
503 3263 678 3328 scholiasta
695 3262 863 3346 Apollonii
882 3260 1002 3326 Rhodii
1021 3261 1061 3325 ad
1075 3259 1108 3324 II
1122 3261 1188 3326 438
1203 3258 1263 3347 (ed.
1278 3260 1413 3325 Merkel-

240 3367 336 3455 Keil).
382 3369 548 3434 Immerito
568 3369 761 3453 quibusdam
779 3368 939 3433 Lucienus
959 3368 1055 3433 aliam
1073 3368 1244 3432 lectionem
1262 3367 1412 3431 exhibere

240 3478 289 3537 est
317 3475 404 3539 visus
432 3476 551 3539 iniuria
578 3476 647 3539 eins
678 3475 718 3538 ab
749 3475 871 3540 editore
897 3476 933 3538 in
956 3497 1067 3539 versus
1090 3475 1229 3539 redactis
1253 3475 1309 3562 eis,
1332 3497 1413 3558 quae

241 3584 317 3644 sunt
339 3581 442 3666 ipsius
465 3581 599 3645 Luciani
622 3581 720 3645 verba
744 3603 840 3663 prosa
863 3582 1008 3645 oratione
1032 3581 1132 3667 dicta3
1155 3604 1231 3645 nam
1249 3582 1284 3645 in
1302 3581 1411 3647 Amor.

239 3711 268 3771 p.
283 3687 349 3751 439
373 3685 462 3774 (edit.
482 3685 749 3752 Sommerbrodtii
764 3686 796 3751 ΙΙ
812 3691 877 3771 ‘lp
892 3686 950 3774 20)
979 3692 1068 3772 post:
1097 3689 1194 3753 δισσὰ
1222 3689 1284 3772 γὰρ
1308 3690 1412 3764 ὅντως

239 3796 321 3859 κατὰ
350 3796 410 3859 τὸν
432 3796 591 3879 τραγικὸν
613 3795 782 3878 πνεύματα
805 3805 883 3858 πνεῖ
904 3794 921 3858 ὁ
940 3792 1062 3878 Ἔρως,
1090 3791 1165 3869 ἑνὸς
1192 3789 1229 3857 δὲ
1252 3794 1413 3877 ὀνόματος

240 3901 301 3985 οὐχ
324 3899 422 3984 ὅμοια
444 3903 484 3964 τὰ
506 3902 599 3983 πάθη
622 3900 862 3982 κεκοινώνηκε.
879 3952 885 3964 .
901 3898 963 3963 ,οὐ
986 3900 1052 3984 μὴν
1070 3896 1142 3963 οὐδ’
1159 3896 1298 3984 Ἐρίδων
1317 3898 1411 3981 γένος

240 4005 309 4072 ἐστὶ
332 4006 380 4090 ἕν,
402 4028 488 4071 nunc
510 4007 637 4071 demum
661 4006 758 4071 verba
780 4010 894 4090 poetae
918 4009 1109 4089 sequuntur:

925 4128 996 4196 ἀλλ’
1023 4128 1075 4196 ἐπὶ
1099 4141 1199 4214 γαῖαν

453 4238 516 4305 εἰσὶ
540 4240 621 4322 δύω,
643 4241 705 4324 τὴν
727 4236 788 4324 μὲν
810 4237 874 4304 nri.

328 4364 419 4429 Adde
428 4363 737 4450 deniqueZonaram‚
747 4363 802 4446 qui
812 4365 944 4447 propter
954 4361 1411 4447 vocabulumportrovplssbb

240 4493 368 4536 versum
400 4477 507 4537 totum
538 4472 689 4536 laudavit.
720 4509 764 4516 —
795 4470 834 4533 ln
857 4493 884 4533 v.
911 4470 952 4534 12
980 4469 1057 4533 libri
1084 4467 1235 4533 Hesiodei
1257 4470 1410 4535 exhibent

293 4587 506 4640 Dimltrijevib,
521 4587 599 4628 studia
613 4586 736 4626 Hesiodea.
1165 4580 1195 4625 ll
