3342 5168
655 361 768 418 Scholia
785 361 886 418 Procli.
1313 361 1356 426 59

186 530 290 613 φησίν
319 525 442 611 aliquid
468 526 599 610 excidit,
625 529 663 589 ut
691 525 756 590 iam
778 522 1049 613 Sohoemannus1)
1076 528 1161 590 recte
1184 525 1357 611 perspexit,

185 656 290 718 neque
317 632 460 697 dubitari
484 636 606 717 potest,
634 632 724 696 cuius
747 653 866 697 nomen
888 632 931 696 sit
954 632 1202 718 restituendum,
1224 653 1295 696 cum
1318 631 1358 696 ad

186 764 215 806 v.
241 738 304 806 135
328 763 358 824 p.
382 737 445 804 135
472 737 550 802 haec
577 737 739 822 legantur:
772 735 816 803 ἔτ’
845 739 925 803 ἄλλο
953 735 1110 822 τέταρτον
1136 739 1174 802 τὸ
1202 736 1238 802 ἐκ
1265 742 1358 802 Παν-

188 849 298 934 δώρας
319 845 425 929 γένος,
448 845 519 927 ἥτις
540 838 583 928 ἦν
606 845 687 909 κατὰ
705 844 908 928 Αἰσχύλον
930 852 990 908 τοῦ
1008 844 1242 927 πηλοπλάστοο
1261 843 1357 931 σπέρ-

188 978 291 1039 ματος
322 952 430 1035 θνητὴ
462 952 548 1033 γυνή
571 956 638 1016 κτλ.
684 949 762 1015 Veri
794 951 880 1015 enim
910 953 961 1015 est
993 950 1192 1015 simillimum
1224 950 1358 1015 eundem

191 1082 260 1125 esse
288 1062 464 1141 auctorem,
492 1078 588 1141 quem
611 1079 709 1141 supra
732 1056 956 1141 desideramus,
978 1057 1169 1141 praesertim
1191 1079 1263 1122 cum
1286 1078 1357 1121 con·

187 1170 251 1231 stet
269 1166 354 1229 inter
372 1165 461 1229 viros
480 1164 591 1228 doctos
612 1164 652 1228 ab
666 1162 827 1248 Aeschylo
847 1163 1057 1248 satyricum
1076 1163 1235 1248 quoddam
1249 1163 1358 1228 drama

186 1271 371 1337 Promethei
388 1271 519 1334 nomine
537 1270 728 1354 inscriptum
747 1271 961 1354 compositum
979 1291 1055 1334 esse.
1092 1269 1168 1354 Iam,
1192 1292 1264 1334 cum
1282 1292 1358 1335 mox

188 1379 272 1443 adsit
299 1377 379 1442 illud
407 1379 527 1462 ἄλλως,
556 1398 691 1461 cumque
713 1376 820 1442 looum
843 1377 881 1441 de
903 1376 1111 1461 mythopoeia
1133 1375 1286 1461 Aeschyli
1308 1399 1358 1441 ex·
1475 1402 1478 1406 ·

188 1486 286 1569 cipiet
310 1484 507 1568 comparatio
532 1483 697 1570 quaedam,
720 1483 823 1568 qualis
847 1483 888 1547 ab
906 1483 1036 1570 ingenio
1055 1483 1161 1548 Procli
1179 1488 1228 1548 est
1248 1484 1360 1570 aliena,

188 1614 256 1657 non
283 1591 506 1656 cunctabimur
535 1590 597 1655 hoo
625 1611 752 1675 quoque
780 1589 938 1655 scholium
965 1590 1066 1655 veteri
1094 1591 1236 1655 tribuere
1262 1591 1359 1656 inter-

189 1698 281 1782 pret'.
319 1694 413 1760 Nihil
435 1700 548 1762 contra
570 1696 653 1761 hanc
677 1697 869 1761 sententiam
896 1697 982 1762 valet
1005 1720 1068 1762 vox
1092 1697 1224 1763 Tzetzae
1245 1696 1358 1762 Proolo

190 1804 269 1868 haec
287 1803 498 1868 adiudicantis
516 1827 545 1888 p.
563 1803 636 1891 102,
651 1805 706 1868 22:
725 1804 865 1868 vidimus
884 1805 969 1869 enim
988 1827 1093 1892 supra,
1112 1806 1184 1889 quis
1203 1808 1236 1868 et
1254 1803 1358 1888 qualis

189 1909 287 1975 fuerit
310 1909 443 1974 Proclus
467 1909 664 1974 Tzetzianus.
709 1910 874 1975 Addamus
901 1911 1011 1994 potius
1039 1933 1080 1975 ne
1106 1914 1269 1995 postrema
1292 1911 1360 1995 qui-

189 2018 261 2082 dem
287 2016 386 2081 verba
414 2016 530 2082 scholii
553 2014 608 2105 (ad
626 2040 654 2081 v.
675 2014 731 2104 90)
759 2041 789 2102 p.
811 2017 889 2103 100,
902 2018 943 2082 21
968 2016 1075 2083 Prooli
1103 2039 1186 2102 esse,
1213 2021 1251 2081 ut
1279 2039 1359 2102 quae

190 2123 376 2188 contineant
400 2123 563 2188 doctrinae
585 2121 821 2188 Alexandrinae
843 2124 989 2210 vestigia.
1030 2122 1144 2210 Neque
1166 2146 1303 2209 usquam
1325 2126 1360 2189 in

189 2230 402 2314 comparando
435 2230 559 2294 dicendi
590 2251 706 2317 genere
736 2229 871 2295 Homeri
903 2235 935 2295 et
966 2229 1101 2295 Hesiodi
1132 2234 1278 2296 versatus
1310 2234 1360 2295 est

140 2382 145 2391 -
187 2337 328 2402 Procius.
379 2337 490 2401 Etiam
513 2337 592 2401 haec
613 2337 716 2402 veteri
737 2336 908 2421 interpreti
931 2341 1008 2401 sunt
1031 2338 1209 2402 tribuenda.
1241 2375 1278 2384 —
1307 2335 1361 2402 Ad

188 2468 216 2509 v.
242 2443 395 2509 94-106
423 2443 544 2507 tradita
571 2448 647 2508 sunt
675 2443 832 2508 nonnulla
860 2443 982 2509 scholia
1009 2443 1116 2509 Procli
1143 2445 1203 2509 sub
1230 2444 1360 2510 nomine

188 2574 219 2635 p.
236 2549 308 2635 101,
323 2548 487 2642 25-102,
502 2548 532 2635 7,
552 2549 624 2635 103,
639 2550 735 2634 3-9,
756 2549 829 2636 105,
844 2550 963 2637 9-18,
975 2549 1116 2637 21-25,
1126 2551 1266 2636 26-28,
1287 2550 1360 2636 106,

192 2655 331 2743 14-25,
354 2677 435 2741 quac
454 2656 575 2739 etipsa
595 2657 715 2739 partim
734 2656 869 2743 explere,
891 2656 1011 2740 partim
1029 2657 1204 2722 diminuere
1223 2660 1359 2741 oportet.

190 2761 323 2846 Statim,
347 2783 428 2847 quae
451 2762 491 2826 ad
513 2786 542 2828 v.
567 2762 608 2826 97
619 2785 662 2846 p.
684 2761 761 2849 103,
775 2763 861 2826 3-8
885 2763 1066 2850 traduntur,
1089 2767 1173 2828 certe
1195 2785 1262 2828 non
1283 2766 1360 2828 sunt

190 2869 338 2934 habenda
353 2868 470 2953 Procli,
484 2870 540 2953 qui
557 2891 625 2934 non
638 2868 739 2934 soleat
756 2890 936 2954 proponere
954 2871 1059 2935 varias
1078 2871 1360 2957 grammaticorum

190 2977 375 3041 sententias.
422 2973 543 3041 Contra
569 2976 676 3041 Procli
708 2980 797 3061 sunt,
830 2996 912 3059 quae
943 2997 1029 3041 nunc
1057 2998 1225 3061 perperam
1252 2977 1292 3041 ab
1320 2998 1358 3041 eo

189 3083 376 3148 dividuntur
398 3105 456 3167 per
484 3085 591 3160 ἄλλως
617 3106 647 3167 p.
678 3082 751 3167 107,
776 3083 880 3169 1-3,
904 3083 1000 3147 6-8
1028 3083 1068 3148 ad
1095 3107 1123 3148 v.
1154 3083 1226 3148 108.
1274 3080 1359 3148 Nam

190 3211 271 3273 quae
293 3190 341 3253 ibi
367 3190 533 3276 legumtur:
562 3189 754 3267 ἀλαζονικὸς
777 3186 814 3254 dt
841 3189 859 3255 d
888 3192 998 3273 στίχος
1025 3187 1129 3274 ἐστίν,
1157 3188 1252 3255 ἀλλὰ
1274 3191 1360 3254 τού-

189 3320 272 3374 τοις
294 3298 390 3379 πρὸς
422 3295 564 3381 ἀρετὴν
596 3294 870 3382 προτρέπεται·
903 3298 933 3361 ελ
963 3297 1026 3381 γὰρ
1060 3302 1231 3378 συγγενελς
1263 3293 1360 3379 ἐσμεν

189 3414 260 3479 τοῖς
290 3409 385 3479 θεοῖς
411 3409 492 3486 κτλ,
528 3405 561 3466 et
597 3401 694 3486 paulo
725 3406 813 3486 post:
850 3400 915 3467 καὶ
947 3412 1062 3468 τοῦτο
1096 3398 1137 3467 δὲ
1169 3404 1262 3486 μετὰ
1294 3411 1361 3486 τῆς

190 3506 244 3572 ἐπ’
271 3507 414 3594 ἀρετὴν
444 3517 682 3595 προτροπῆς,
715 3509 888 3574 concinunt
918 3531 1051 3595 prorsus
1082 3531 1154 3574 cum
1183 3508 1364 3574 Proclianis'

189 3637 221 3698 p.
243 3613 321 3700 106,
342 3614 397 3700 18,
428 3613 485 3678 ubi
516 3615 623 3699 ipsum
655 3637 732 3679 sane
764 3615 925 3702 audimus,
952 3616 1033 3681 conf.
1061 3615 1180 3680 similia
1205 3638 1235 3699 p.
1254 3615 1290 3703 4,
1310 3616 1360 3680 11.

189 3719 340 3784 Profecto
366 3719 450 3784 nihil
477 3725 638 3809 tenemus,
663 3723 729 3787 nisi
755 3723 844 3787 varia
869 3726 1019 3807 excerpta
1041 3721 1182 3786 eiusdem
1204 3743 1361 3786 commen-

190 3826 274 3890 tarii.
325 3825 438 3891 Proclo
476 3827 612 3913 denique
648 3832 724 3893 sunt
761 3828 917 3913 addenda,
954 3851 1034 3911 quae
1071 3827 1186 3891 Tzetza
1222 3828 1361 3892 servavit

189 3955 219 4016 p.
246 3932 489 4018 110‚-24-26‚
521 3934 560 3998 de
591 3934 710 3999 mundo
743 3956 782 3998 ex
814 3934 932 3998 atomis
964 3933 1171 3999 conformato.
1223 3931 1361 3999 Causam

189 4043 333 4124 repetere
360 4040 496 4125 longum
522 4043 580 4104 est.
625 4039 783 4124 Deinceps
813 4043 888 4104 sunt
916 4039 1038 4105 scholia
1065 4040 1105 4104 ad
1131 4062 1160 4104 v.
1186 4040 1361 4106 109-112

189 4146 253 4210 tria
270 4169 300 4230 p.
322 4145 395 4230 110,
409 4145 572 4230 31-111,
589 4146 640 4232 10,
660 4147 733 4231 112,
749 4140 911 4233 152113,
929 4148 960 4234 3,
980 4147 1053 4234 114,
1068 4147 1184 4224 7-ε11.
1225 4145 1274 4211 De
1296 4147 1361 4231 pri-

282 4393 307 4461 1)
326 4391 368 4445 De
386 4394 442 4447 vet.
462 4391 550 4447 critic.
569 4392 644 4447 notis
663 4394 715 4447 eto.
736 4392 836 4464 Opusc.
855 4394 942 4450 Acad.
957 4394 997 4450 ΙΠ
1013 4394 1032 4453 l.
1051 4395 1070 4453 l.
1090 4396 1119 4448 et
1137 4393 1196 4468 „Da
1214 4392 1360 4449 Pandora“

192 4478 293 4550 Opuso.
313 4480 400 4535 Acad.
418 4481 445 4535 II
461 4500 488 4551 p.
503 4487 564 4538 281.
