3366 5168
287 354 351 420 150
522 350 653 422 Didymei
672 350 709 404 ad
728 349 821 421 Opera
839 347 1034 405 commentarii
1051 348 1218 419 fragmenta.

285 516 440 583 exhibent
458 514 586 581 omissis
605 514 662 599 eis,
684 536 765 598 quae
782 535 871 578 mera
888 512 1098 599 grammatica
1117 511 1287 599 adduntur,
1299 512 1458 597 Didymea

287 627 377 712 sunt,
405 624 482 708 quia
502 619 686 686 Aristarchi
713 621 872 685 sententia
900 624 932 684 et
958 606 1188 703 Aristophanis
1214 617 1365 703 Byzantii
1391 619 1458 684 lau-

287 732 395 796 datur:
418 731 573 794 ίίαπτοι·
597 729 635 793 ac
656 726 764 793 δειναὶ
785 725 841 792 καὶ
864 726 1021 810 ἀπτόητοι
1043 727 1125 790 κατὰ
1143 723 1365 813 Ἀρίσταρχον.
1404 728 1458 793 διὸ

286 835 341 902 καὶ
371 834 536 915 ἐψιλοῦτο.
583 831 822 921 Ἀριστοφάνης
850 829 888 899 dl
918 831 954 899 ἐν
981 844 1054 910 ταῖς
1077 834 1257 916 Γλώτταις,
1288 833 1332 910 ὥς
1354 851 1459 917 φασιν

287 944 323 1008 οί
337 945 483 1026 παλαιοί,
502 940 643 1017 ἀέπτους
661 940 791 1027 γράφει.
827 939 876 1003 De
895 939 1055 1004 sententia
1072 937 1254 1004 Aristarchi
1273 939 1341 1003 sine
1360 939 1458 1005 dubio

287 1073 325 1114 ex
348 1047 610 1134 hypomnematis
632 1046 814 1112 Homericis
838 1046 877 1109 ed
900 1053 932 1111 A
949 1045 1013 1112 567
1038 1046 1141 1130 petita
1165 1045 1217 1133 (cf.
1240 1045 1459 1140 Herodianum

287 1157 322 1220 in
340 1154 472 1221 scholiis
492 1155 533 1219 ad
551 1161 583 1219 A
596 1154 660 1219 567
681 1157 714 1219 et
733 1152 891 1218 scholium
910 1153 950 1216 ad
969 1156 1006 1217 N
1016 1150 1096 1240 318)
1120 1176 1148 1217 v.
1171 1151 1218 1216 La
1236 1152 1356 1238 Roche,
1373 1153 1459 1219 honr.

287 1262 418 1327 Textkr.
442 1263 488 1326 im
511 1259 627 1326 Altert.
646 1284 676 1345 p.
697 1260 771 1348 176,
794 1263 1020 1345 contraquam
1040 1260 1161 1343 optime
1183 1259 1361 1343 disputavit
1378 1260 1460 1325 Lud-

288 1368 422 1435 wichius
436 1367 537 1433 Arist.
551 1366 635 1433 horn.
650 1366 781 1434 Textkr.
795 1366 812 1431 Ι
825 1389 855 1451 p.
872 1367 933 1432 141
946 1389 992 1451 sq.
1013 1364 1162 1431 Ueterum
1181 1367 1219 1432 cf.
1240 1366 1358 1432 similia
1376 1366 1461 1451 apud

288 1475 498 1560 Apollonium
521 1474 555 1539 in
578 1474 681 1540 lexico
704 1474 876 1539 Homerico
899 1496 928 1557 p.
951 1473 978 1537 1.
1027 1471 1255 1557 Aristophanis
1283 1473 1460 1540 sententiae

288 1605 376 1668 non,
405 1583 532 1667 opinor,
560 1582 598 1646 de
625 1581 696 1645 loco
719 1579 895 1667 Hesiodea,
922 1580 977 1644 sed
1005 1579 1043 1643 de
1065 1580 1222 1646 vocabulo
1246 1582 1371 1659 όαπτος
1394 1582 1461 1646 sive

288 1689 409 1773 rectius
431 1691 550 1765 ίίεπτος
574 1688 677 1753 dictae
700 1688 773 1753 fons
794 1691 843 1752 est
866 1686 935 1751 eius
953 1686 1088 1751 lexicon.

377 1794 429 1860 Ad
451 1817 580 1860 versum
595 1796 670 1882 169,
692 1795 730 1859 de
754 1817 817 1879 quc
837 1795 875 1859 cf.
894 1816 991 1878 supra
1008 1816 1038 1877 p.
1056 1794 1130 1880 132,
1148 1794 1307 1859 scholium
1322 1792 1461 1860 Choero-

245 1949 248 1955 -
288 1903 378 1968 bosci
405 1925 435 1987 p.
452 1902 530 1988 137,
550 1902 673 1988 7-21,
700 1900 786 1986 quod
814 1901 977 1987 integrum
1005 1904 1053 1965 est
1081 1901 1276 1985 exscriptum
1300 1924 1339 1964 ex
1361 1906 1462 1966 veter·

289 2010 379 2074 rimis
408 2008 555 2093 scholiis,
586 2008 780 2092 Didymeum
808 2011 870 2093 est3
898 2008 989 2072 cuius
1013 2007 1048 2071 in
1070 2007 1165 2071 initio
1189 2007 1343 2072 nonnulla
1366 2009 1462 2073 corri-

290 2137 365 2200 gere
388 2114 510 2181 studui:
537 2120 638 2197 τηλοῦ
663 2112 719 2179 ἀπ’
745 2114 935 2198 ἀθανάτων,
958 2125 1066 2179 τοῖσιν
1088 2117 1220 2198 Κρόνος
1243 2113 1461 2199 ἐμβασιλεύει·

290 2230 410 2286 τοῦτον
432 2218 488 2285 καὶ
510 2223 570 2287 τὸν
593 2218 690 2306 (leget
713 2218 806 2308 τοὺς)
831 2218 905 2304 ἑξῆς
932 2220 977 2297 ὡς
1003 2222 1241 2305 φληναφόὸεις
1267 2218 1465 2299 ἐξοικίζουσί

291 2327 394 2412 [τινες
416 2349 477 2392 orn.
500 2326 591 2412 libri]
615 2338 683 2393 τῶν
702 2325 872 2411 Ἡσιόδου,
893 2327 934 2391 τό
957 2350 991 2392 τε
1014 2328 1098 2393 ίίλλα
1123 2331 1344 2412 φαυλίζοντας
1363 2327 1463 2415 (ντες

290 2431 381 2522 libri)
413 2431 468 2500 καὶ
499 2437 536 2501 τὸ
569 2432 847 2500 ἐνθουσιαστικὸν
878 2444 936 2518 της
967 2436 1120 2518 εἰσβολῆς
1153 2445 1220 2509 τῶν
1247 2433 1313 2519 μετ’
1341 2435 1463 2512 αὐτοὺς

291 2544 413 2625 στίχων
440 2540 598 2627 ἀφαιρεῖν
626 2543 788 2626 εἰπόντες,
810 2545 879 2607 κτλ.
930 2539 1070 2606 Maxime
1098 2540 1190 2606 doleo
1220 2563 1285 2606 non
1308 2563 1377 2606 esse
1400 2545 1463 2606 tra-

291 2649 404 2732 ditum,
423 2670 504 2733 quae
517 2648 633 2713 hiisset
647 2648 807 2714 sententia
820 2647 1002 2734 Aristarchi
1021 2646 1059 2711 de
1077 2648 1129 2712 his
1147 2648 1294 2714 versibus
1313 2648 1464 2733 delendis,

291 2755 355 2819 nisi
383 2777 421 2819 ex
449 2755 593 2841 silentio,
622 2759 659 2820 ut
682 2756 787 2841 aiunt,
814 2756 929 2821 audeas
958 2753 1145 2820 concludere
1170 2756 1200 2819 ei
1223 2754 1306 2820 hanc
1331 2756 1463 2821 lituram

290 2883 355 2926 non
383 2862 554 2945 probatam
582 2862 689 2927 fuisse.
744 2860 966 2927 Nihilominus
995 2861 1113 2925 mirum
1141 2866 1190 2925 est
1217 2885 1236 2925 a
1262 2861 1401 2946 Didymo
1429 2863 1465 2926 in

291 2972 383 3033 tanto
412 2967 535 3033 scholio
565 2968 648 3033 nihil
670 2969 709 3032 de
730 2967 913 3033 Aristarchi
936 2967 1098 3053 sententia
1118 2967 1240 3032 dictum
1263 2989 1340 3032 esse.
1386 2968 1464 3032 Inde

292 3074 402 3158 potius
426 3074 510 3141 effici
532 3074 668 3161 videtur,
690 3077 736 3157 ut,
755 3073 810 3156 qui
828 3093 939 3137 versus
959 3072 1128 3158 eiecerunt,
1146 3058 1266 3136 fuerint
1284 3077 1372 3156 post
1390 3072 1464 3138 Ari-

292 3178 412 3244 starchi
435 3183 580 3243 aetatem.
626 3178 697 3242 Hoc
720 3179 748 3242 si
771 3181 854 3242 esset
876 3178 1059 3263 probatum,
1080 3199 1146 3242 non
1168 3177 1252 3242 nihil
1270 3199 1307 3243 ea
1324 3199 1359 3243 re
1377 3180 1465 3244 adiu·

292 3305 440 3350 varemur
464 3284 504 3347 ad
526 3289 612 3348 certa
626 3288 772 3368 tempora
790 3284 939 3369 vulgatae
952 3285 1147 3349 recensionis
1170 3285 1465 3372 circumscribendo,

294 3392 332 3455 de
360 3412 423 3475 qua
450 3411 485 3454 re
511 3390 584 3454 vide
610 3390 707 3454 huius
735 3390 809 3455 diss.
832 3388 889 3455 IV.
908 3392 937 3455 6.
988 3388 1138 3456 Ceterum
1165 3391 1227 3456 hoc
1248 3392 1464 3477 fragmentum

292 3496 493 3560 luculentum
512 3500 561 3561 est
579 3496 711 3581 Didymi
730 3498 809 3562 artis
826 3498 1060 3581 interpretandi
1077 3498 1308 3583 testimonium,
1326 3521 1463 3564 necnon

294 3624 331 3666 eo
359 3602 505 3666 ducimur
532 3603 573 3668 ad
602 3603 689 3668 aliud
716 3603 785 3669 eius
812 3605 1042 3691 fragmentum,
1073 3606 1159 3689 quod
1182 3609 1251 3670 erat
1274 3606 1314 3670 ad
1337 3628 1463 3669 versum

294 3712 368 3774 ante
393 3710 456 3773 169
484 3709 690 3798 collocatum,
722 3710 844 3776 scilicet
871 3711 912 3775 ad
941 3733 1069 3777 versum
1098 3712 1162 3776 160
1198 3717 1253 3777 aut
1287 3712 1364 3797 1063
1400 3733 1464 3795 quo

294 3816 472 3900 disputavit
499 3816 658 3901 Didymus
690 3816 729 3881 de
758 3821 829 3884 tota
855 3816 915 3882 hac
942 3817 1097 3883 Aetatum
1123 3818 1233 3884 fabula
1261 3819 1392 3902 eiusque
1417 3839 1465 3882 ra-

293 3923 389 3988 tione.
436 3922 523 4000 Quae
545 3946 621 3989 vero
644 3924 742 3988 fuerit
764 3925 821 3989 illa
840 3925 1013 3990 secundum
1030 3924 1163 4011 Didymi
1188 3925 1390 4009 sententiam,
1412 3925 1464 3989 his

295 4030 534 4095 demonstratur
551 4029 665 4094 scholii
684 4030 791 4095 verbis
809 4032 989 4118 p.137,19:
1013 4030 1077 4096 καὶ
1101 4031 1141 4097 ἐκ
1163 4034 1306 4097 τούτου
1330 4029 1465 4118 (scilicet

294 4141 420 4221 praeter
448 4136 505 4201 illa
536 4141 741 4222 argumenta,
766 4158 847 4220 quae
879 4159 976 4222 supra
1009 4137 1156 4226 exposui)
1183 4140 1301 4222 δῆλον,
1329 4139 1379 4204 ότι
1406 4139 1465 4216 τὰς

294 4244 477 4328 μεταβολὰς
500 4240 644 4326 ἠθέλησε
666 4244 875 4330 παραδοῦναι
898 4255 965 4310 τῶν
987 4247 1154 4331 περιόδων
1174 4253 1233 4329 τῆς
1251 4244 1466 4329 ἀνθρωπίνης

296 4353 378 4434 ζωῆς
401 4351 448 4426 είς
470 4348 627 4415 τάναντία
649 4347 835 4433 γινομένας.
879 4348 929 4414 De
954 4372 1018 4436 qua
1040 4351 1200 4416 sententia
1222 4374 1250 4414 r.
1268 4350 1365 4415 huius
1389 4351 1465 4416 diss.

294 4453 351 4540 IV,
370 4457 400 4521 5.
423 4493 465 4533 ··„
488 4453 557 4521 Iam
580 4454 759 4540 explicatur
780 4478 800 4520 a
823 4455 965 4542 Didymo
989 4478 1067 4522 crux
1089 4457 1145 4522 illa
1168 4456 1378 4543 interpretum
1402 4479 1465 4522 vox
