3390 5178
224 318 226 323 Ι
308 349 371 412 162
546 347 588 402 De
607 344 728 418 Operum
746 345 872 401 versibus
891 344 927 400 ab
947 342 1070 413 antiquis
1088 343 1221 402 laudatis.

304 511 519 596 ἐπαινέσσειε,
542 510 702 575 Lucienus
724 532 800 575 vero
825 508 859 597 (l.
878 508 914 596 l.)
937 515 970 574 et
992 509 1201 594 Eustathius,
1229 510 1285 594 qui
1308 510 1473 577 deforma
1531 536 1535 542 ·

302 644 332 705 p.
354 618 448 684 1315.
470 618 511 683 14
531 619 608 702 agit,
631 618 780 681 videntur
798 616 915 703 legisse
935 617 1129 701 ἐπαινήσειε.
1176 616 1279 693 Quam
1302 617 1472 682 lectionem

302 749 369 791 non
383 725 569 790 crediderim
584 746 653 788 esse
667 724 801 808 veriam3
815 724 914 788 immo
928 723 1101 788 verisimile
1115 727 1164 788 est
1178 723 1249 789 loco
1266 724 1389 789 formae
1398 747 1470 789 raro

301 830 471 919 usitatael)
495 830 696 897 ἐπαινέσσειε
719 831 808 895 illam
832 831 936 916 magis
959 830 1072 895 tritam
1101 829 1288 914 ἐπαινήσειε
1319 832 1471 915 scriptam

301 962 383 1024 esse3
407 939 493 1022 quod
511 942 568 1003 aut
591 942 665 1002 ante
683 939 816 1002 testium
838 938 968 1002 illorum
986 941 1132 1022 tempora
1154 937 1344 1002 factumest
1366 938 1402 1002 in
1424 939 1470 1004 eis

299 1046 403 1131 libris,
430 1067 511 1129 quos
534 1045 692 1131 legerunt,
714 1049 770 1109 aut
793 1050 905 1129 postea
928 1045 962 1109 in
984 1044 1064 1128 ipsis
1087 1043 1223 1108 Luciani
1245 1050 1278 1109 et
1303 1045 1471 1110 Eustathii

299 1153 402 1218 libris.
421 1190 463 1199 —
482 1150 620 1217 Versum
642 1152 681 1216 13
705 1174 788 1216 unus
812 1152 923 1217 citavit
945 1151 1106 1216 Lucienus
1130 1151 1149 1216 l.
1169 1151 1189 1216 l.

388 1258 510 1323 Versus
529 1259 661 1324 21-24
688 1259 781 1324 affert
809 1257 967 1324 Stobaeus
989 1260 1025 1323 in
1046 1259 1151 1343 eapite
1173 1258 1249 1341 περὶ
1271 1264 1470 1344 φιλοπονίας

298 1366 458 1431 ΧΧΙΧ.2
487 1364 575 1453 (edit.
600 1364 714 1429 Hensii
738 1388 767 1449 p.
788 1365 877 1453 626).
932 1365 1076 1442 Quorum
1108 1366 1143 1429 in
1173 1366 1278 1450 primo
1310 1367 1468 1431 laudando

298 1475 423 1538 librarii
451 1474 587 1537 duorum
614 1473 758 1537 codicum
786 1470 955 1559 (Marciani
983 1476 1016 1536 et
1043 1470 1196 1559 Parisini)
1227 1473 1336 1537 eadem
1362 1496 1396 1537 re
1424 1474 1470 1538 of-

297 1581 381 1645 fensi
404 1583 501 1664 atque
523 1580 719 1645 nostratium
741 1579 889 1643 nonnulli
912 1577 965 1665 (cf.
979 1578 1112 1664 Usener,
1126 1578 1187 1644 ah.
1201 1579 1244 1645 M.
1259 1578 1468 1666 XXIH,147)

297 1709 356 1771 pro
379 1690 518 1772 χατίζων
542 1687 738 1771 scripserunt
760 1690 881 1770 χατίζει
903 1686 955 1750 vel
977 1708 1162 1771 perversum
1185 1686 1266 1751 illud
1284 1690 1468 1772 χατίζοντα;

297 1800 331 1859 at
357 1795 414 1859 ubi
443 1795 507 1860 rati
530 1798 606 1859 sunt
630 1793 836 1858 difficultates
859 1793 972 1878 inesse,
995 1815 1060 1857 non
1083 1797 1160 1857 sunt
1182 1791 1279 1880 (conf.
1304 1792 1469 1858 Sittelium

296 1903 337 1967 ad
359 1899 510 1987 versum).
538 1940 582 1948 -
609 1899 648 1965 In
670 1924 699 1965 v.
719 1903 762 1966 22
786 1898 944 1965 Stobaeus
972 1899 1050 1964 facit
1072 1922 1145 1964 oum
1169 1900 1287 1965 codicis
1310 1899 1340 1963 D
1363 1901 1468 1965 forma

296 2010 455 2094 ἀρομεναι
478 2009 497 2073 i.
521 2031 546 2073 e.
571 2009 753 2093 ἀρόμμεναι
777 2004 959 2094 (ἀρώμεναι
983 2005 1008 2071 6
1032 2011 1064 2071 et
1086 2005 1213 2093 Ambr.)
1236 2007 1407 2093 immerito,
1430 2012 1467 2072 ut

296 2116 438 2180 ostendit
460 2114 619 2179 Rzaehius
639 2112 726 2199 („der
748 2113 832 2178 Dial.
856 2111 933 2178 etc.“
954 2136 984 2197 p.
1003 2112 1078 2198 446,
1100 2113 1233 2200 439sq,
1256 2116 1294 2179 ef.
1318 2112 1466 2179 Curtium

294 2221 477 2308 „Verbum“
494 2220 510 2285 I
529 2218 729 2308 aaa-357).
784 2219 902 2284 Forma
928 2220 1030 2304 igitur
1061 2220 1201 2305 genuina
1233 2222 1273 2285 ab
1306 2221 1466 2306 imperitis

295 2329 423 2393 demum
441 2328 583 2392 librariis
602 2328 774 2411 depravata
791 2349 832 2391 ne
850 2326 912 2391 hoc
935 2327 1063 2410 quidem
1080 2327 1152 2392 loco
1171 2332 1221 2393 est
1242 2327 1391 2393 lectionis
1413 2351 1467 2395 va-

294 2437 401 2500 rietas.
426 2473 467 2482 —
492 2434 630 2499 Versum
653 2434 696 2499 23
719 2434 930 2498 laudaverunt
952 2438 1080 2519 praeter
1103 2432 1278 2500 Stobaeum
1303 2434 1337 2522 (l
1355 2434 1391 2522 l.)
1411 2458 1465 2499 au-

295 2546 365 2607 ctor
388 2542 496 2626 Etym.
515 2542 626 2626 Magni
650 2565 679 2625 p.
698 2542 772 2606 411.
793 2541 835 2606 22
860 2538 947 2627 (inde
971 2541 1011 2605 ab
1035 2563 1112 2606 voce
1136 2539 1250 2629 ζηλοῖ),
1273 2541 1465 2607 Ammonius

294 2648 355 2737 (ed.
374 2649 580 2713 Valckenaer.
599 2672 629 2732 p.
644 2647 701 2735 64)
721 2648 781 2711 sub
800 2648 899 2712 verbo
920 2651 1023 2732 ζῆλος,
1041 2647 1181 2712 Thomas
1200 2647 1356 2733 Magister
1375 2646 1464 2735 (edit.

293 2755 464 2819 Ritschelii
474 2779 503 2839 p.
517 2753 593 2842 166)
606 2754 665 2818 sub
680 2755 788 2818 eadem
801 2777 888 2842 voce,
897 2754 1091 2819 Eustathius
1106 2755 1146 2818 ad
1155 2753 1268 2841 Odyss.
1278 2779 1308 2840 p.
1321 2755 1464 2844 152736

293 2862 423 2927 eandem
437 2866 570 2947 propter
583 2885 651 2925 rem
666 2865 699 2924 et
714 2865 826 2925 auctor
839 2861 935 2927 lexiei
949 2862 1211 2926 Vindobonensis
1226 2860 1315 2949 (edit.
1325 2861 1465 2929 Nauekii

293 2968 365 3058 96),
387 2968 580 3033 Plutarchus
605 2965 657 3054 (de
681 2989 745 3051 cap.
770 2990 808 3031 ex
831 2968 971 3033 inimicis
994 2968 1091 3032 utilit.
1114 2992 1144 3052 p.
1164 2968 1240 3053 aaa,
1263 2969 1308 3033 ed.
1332 2969 1426 3035 Bern.
1448 2968 1464 3034 I

292 3077 372 3161 222)
402 3075 605 3139 adumbravit
632 3097 700 3139 rem
728 3075 820 3157 quasi
843 3097 927 3161 eam,
950 3097 1047 3158 quam
1069 3075 1223 3139 memoria
1245 3076 1389 3161 tenebat,
1411 3098 1464 3141 ne-

293 3204 355 3266 que
382 3182 453 3265 ipso
477 3179 611 3244 Hesiodi
633 3181 718 3246 libro
746 3182 900 3265 inspecto.
925 3220 967 3226 —
997 3180 1087 3244 Idem
1109 3181 1194 3245 valet
1218 3181 1256 3245 de
1278 3204 1307 3247 v.
1327 3183 1383 3268 243
1406 3184 1463 3250 ubi

291 3289 391 3352 habes
418 3287 588 3352 lectionem
615 3289 735 3353 variam
763 3288 917 3372 inspectis
947 3286 1078 3352 Stobaei
1100 3287 1208 3373 libris,
1231 3288 1287 3371 qui
1310 3289 1463 3355 exhibent

292 3396 362 3458 loco
396 3395 567 3458 accusativi
598 3392 771 3460 σπεύδοντ’
798 3394 1033 3458 nominativum
1066 3395 1228 3459 σπεύδων.
1280 3393 1462 3480 Utrumque

293 3524 368 3566 sane
384 3506 470 3565 stare
484 3505 601 3589 potest,
613 3524 717 3585 neque
731 3502 808 3566 licet
822 3500 935 3587 dicere,
954 3523 1035 3584 quae
1049 3501 1146 3565 fuerit
1164 3501 1254 3585 prior
1272 3506 1305 3566 et
1323 3504 1462 3588 genuina

290 3609 394 3673 lectio.
436 3608 545 3692 Atque
559 3613 628 3672 erat
642 3609 725 3693 fons,
743 3629 760 3670 e
780 3629 843 3691 quo
859 3605 1018 3672 Stobaeus
1033 3607 1194 3672 Hesiodea
1213 3631 1270 3672 sua
1284 3608 1461 3694 hauriebat,

291 3739 307 3779 e
321 3716 565 3801 diligentissime
579 3714 778 3800 conscriptis,
787 3718 824 3777 ut
838 3713 976 3779 elucebit
985 3719 1108 3798 postea.
1140 3713 1263 3779 Eodem
1272 3716 1460 3781 testimonio

289 3823 436 3888 firmatur
460 3823 558 3886 ctiam
579 3822 672 3885 unice
700 3843 811 3885 verum
833 3823 967 3904 ἄφενος
985 3821 1102 3885 codicis
1117 3818 1143 3885 (l
1159 3820 1202 3909 (D
1217 3827 1249 3886 et
1268 3821 1362 3887 Meas,
1381 3824 1461 3907 ἄφε-

289 3928 382 4017 νον.).
422 3928 543 3994 Contra
562 3950 636 3991 vero
656 3927 841 4013 Rzachium,
865 3927 920 4011 qui
944 3928 979 3991 in
997 3928 1153 4010 symbolis
1176 3928 1326 4013 Pragens.
1347 3952 1377 4013 p.
1399 3929 1460 3995 183

289 4042 458 4120 utramque
481 4035 619 4098 formam
642 4034 792 4098 credebat
816 4038 901 4098 stare
924 4056 1019 4119 posse
1042 4035 1139 4098 etiam
1162 4034 1280 4099 hocin
1298 4033 1459 4098 Hesiodeo

288 4165 397 4228 versu,
426 4141 505 4205 facit
536 4144 662 4223 praeter
694 4140 755 4204 hoc
788 4138 918 4205 Stobaei
950 4142 1172 4206 testimonium
1204 4140 1302 4206 etiam
1329 4140 1460 4226 Didymi

378 4390 404 4458 1)
430 4384 563 4441 Conferas
591 4386 745 4439 Rzaehium
774 4387 841 4455 „der
866 4387 981 4441 Dialekt
1010 4389 1060 4441 des
1087 4388 1242 4442 Ηοεὶοοοομ
1267 4387 1457 4443 labruscas.

287 4474 358 4529 Phil.
378 4474 468 4544 suppl.
483 4474 555 4527 VIII.
570 4493 596 4544 p.
611 4479 672 4528 443.
