3366 5168
461 345 593 418 Didymei
612 347 649 401 ad
668 347 760 418 Opera
778 347 972 403 commentarii
990 346 1155 418 fragmenta.
1331 349 1393 413 151

140 567 143 572 .
222 516 347 596 ἔπειτα,
380 511 419 576 de
452 534 515 595 qua
542 510 606 576 iarn
633 510 700 577 dixi
727 531 825 593 supra
851 533 882 594 p.
903 510 975 574 133.
1029 508 1254 577 Aristarcheae
1286 516 1394 577 autem

223 621 342 703 ὃιιιλῆς
371 619 529 682 rationem
557 617 670 681 melius
699 639 796 700 quarn
823 616 864 681 ab
887 615 1073 682 Aristonico
1096 622 1296 701 perspectam
1323 641 1393 685 esse

222 749 242 789 a
263 725 414 811 Didymo,
435 726 547 811 utqui
571 745 696 807 semper
719 723 837 788 soleret
859 723 1047 808 diligentius
1071 724 1180 788 omnia
1201 727 1393 810 percontari,

221 832 348 898 videtur
372 830 503 915 probari
524 828 742 895 Choerobosci
760 828 882 894 scholio
904 852 935 913 p.
957 830 1190 916 144,11-15‚
1212 832 1298 915 quod
1321 855 1394 897 cum

220 937 422 1023 praecedenti
439 960 471 1022 p.
491 937 564 1021 137,
585 937 625 1000 17
650 940 870 1020 comparatum
887 936 1058 1001 manifesto
1077 937 1212 1003 eundem
1231 942 1393 1003 auctorem

220 1045 395 1129 Didymum
421 1043 539 1129 prodit.
590 1041 689 1108 Ouius
721 1042 914 1107 sententiam
935 1065 1010 1107 rere
1031 1042 1270 1109 Aristarcheam
1293 1045 1393 1111 fuisse

220 1152 282 1217 etsi
300 1151 431 1236 probari
450 1151 572 1237 nequit,
590 1153 698 1214 tamen
716 1153 766 1214 est
783 1150 852 1214 veri
875 1149 1084 1215 simillimum.
1131 1147 1193 1215 Sed
1216 1151 1254 1216 de
1276 1150 1336 1217 hac
1359 1174 1394 1216 re

220 1260 305 1323 inira
328 1258 509 1342 disputabo,

309 1364 348 1429 In
379 1386 497 1450 magno
530 1362 747 1429 Ohoerobosci
778 1385 890 1428 versus
915 1362 981 1428 304
1009 1363 1132 1429 scholio
1160 1364 1263 1431 multa
1290 1364 1393 1431 latent

219 1472 353 1556 Didymi
375 1470 566 1535 nominatim
589 1471 719 1554 insuper
741 1469 880 1557 laudati,
906 1470 962 1534 sed
984 1469 1114 1547 difficile
1138 1474 1187 1535 est
1210 1470 1394 1558 diiudicare,

221 1601 301 1662 quae
325 1578 393 1642 eius
418 1578 493 1664 sint,
515 1576 601 1662 quod
623 1577 726 1661 ipsius
749 1574 967 1659 Choerobosci
990 1575 1105 1642 scholii
1128 1581 1277 1662 excerpta
1296 1601 1393 1662 quam

220 1685 358 1750 maxime
390 1689 466 1749 sunt
499 1683 639 1749 disiecta.
693 1681 910 1748 Attribuerim
942 1684 972 1748 ei
998 1681 1187 1748 Aristotelis
1216 1685 1393 1749 sententiae

220 1791 479 1878 explicationem,
506 1789 653 1855 Ameriae
681 1790 875 1854 sententiam
903 1789 1034 1855 allatam
1062 1789 1207 1874 hancque
1234 1790 1301 1854 fere
1323 1790 1392 1855 eius

219 1898 323 1982 ipsius
345 1897 646 1982 interpretationem
669 1895 722 1983 (cf.
742 1919 772 1979 p.
792 1895 866 1982 204,
887 1895 929 1961 15
943 1900 976 1960 et
989 1895 1098 1979 Etym.
1112 1895 1221 1982 Magn.
1235 1896 1392 1984 524,41);

219 2009 430 2091 κόθουρος·
472 2004 584 2088 κηφὴν
617 2007 701 2082 ζώον
730 2007 895 2087 μελισσῶν
927 2001 1111 2088 ἀργότατον
1139 2001 1195 2067 καὶ
1222 2004 1393 2090 ἀκεντρον,

220 2114 264 2190 ώς
301 2128 405 2196 φησιν
438 2108 663 2196 Ἀριστοτέλης
700 2107 750 2196 (In
785 2108 861 2173 hist.
891 2108 1001 2193 anim,
1036 2107 1099 2174 vol
1121 2107 1138 2173 I
1160 2132 1192 2193 p.
1212 2108 1392 2195 553511).

218 2222 381 2304 κώθονροι
405 2216 459 2301 δέ,
482 2217 532 2283 ὅτι
555 2217 720 2302 κάθηνται
744 2213 893 2281 τουτέστι
915 2225 1182 2302 καρατηροῦνται
1204 2216 1266 2299 την
1292 2217 1392 2304 ὥραν,

220 2326 256 2390 ἐν
279 2320 300 2411 ᾗ
323 2323 537 2409 ἐκβαίνουσιν
560 2325 598 2389 αι’
618 2321 780 2408 μέλισσαι,
801 2324 857 2387 ἵνα
877 2321 1075 2399 ἐκλαθόντις
1095 2321 1233 2387 iudicor
1252 2324 1290 2387 τὸ
1309 2321 1391 2407 μέλι.

216 2430 365 2516 Ἀμερίας
387 2428 424 2497 δὲ
446 2431 644 2517 κακούργοις
667 2428 687 2512 il
710 2429 883 2514 κοτοώροις
908 2427 1184 2515 (ἀναγνωστέον),
1217 2429 1266 2494 ὅτι
1293 2431 1392 2493 κότον
1495 2459 1496 2463 ’

220 2540 352 2621 ἔχουσιν
380 2537 417 2602 ἐν
444 2547 483 2624 τῇ
511 2535 603 2623 οὐρᾷ,
654 2533 773 2609 Addidi
799 2532 1045 2618 ἀναγνωστέον,
1073 2535 1148 2617 quia
1175 2557 1242 2598 non
1270 2535 1393 2599 variata

218 2644 356 2708 lectione
377 2665 445 2707 non
466 2646 596 2726 poterat
617 2641 776 2725 Didymus
799 2640 991 2705 vocabulum
1013 2639 1106 2704 illum
1129 2641 1162 2703 in
1185 2639 1316 2705 modum
1341 2662 1392 2704 ex-

218 2750 351 2834 plicare,
379 2770 482 2833 neque
509 2751 676 2832 excerptor
700 2745 896 2812 scholiorum
920 2747 988 2811 eius
1012 2747 1205 2812 sententiam
1227 2748 1392 2831 propriam

219 2877 417 2943 cognoscere.
446 2854 613 2920 Sententia
627 2854 699 2938 ipsa
706 2852 856 2918 Ameriae
870 2874 973 2937 neque
988 2856 1036 2917 est
1050 2853 1153 2937 petita
1167 2853 1337 2937 aDidymo
1353 2875 1391 2916 ex

220 2964 288 3029 eius
309 2964 480 3040 Γλώσσαις
497 2983 602 3046 neque
620 2983 659 3026 ex
677 2960 790 3044 lexico,
809 2960 896 3044 quod
910 2958 1127 3043 Ῥιζοτομικόν
1145 2958 1392 3045 inscribebatur,

219 3071 338 3155 quippe
366 3091 504 3154 quorum
535 3068 570 3132 in
601 3071 740 3152 utroque
772 3066 874 3152 egerit
906 3066 944 3131 de
975 3065 1072 3130 rebus
1105 3089 1124 3130 a
1156 3065 1237 3131 fucis
1270 3065 1391 3131 alienis.

218 3176 295 3241 Fuit
317 3177 419 3263 igitur
441 3175 510 3241 eius
534 3179 591 3241 aut
613 3174 746 3240 tertium
769 3172 900 3260 aliquod
921 3173 1048 3238 lexicon
1070 3175 1127 3237 aut
1143 3172 1391 3238 commentarius

218 3282 411 3369 Hesiodeus3
429 3286 486 3347 aut
508 3282 542 3347 in
566 3281 689 3347 scholio
712 3281 795 3346 falso
818 3279 967 3346 laudatur
988 3301 1107 3346 nomen
1125 3277 1283 3363 Ameriae,
1301 3279 1390 3343 cuius

218 3389 290 3453 loco
310 3389 348 3453 de
365 3387 579 3473 Neoptolemo
598 3388 789 3474 cogitaverit
808 3388 880 3472 quis
897 3387 993 3452 nixus
1009 3386 1186 3452 Eustathio
1205 3385 1245 3451 ad
1257 3385 1392 3472 Iliadem

217 3519 247 3580 p.
259 3495 333 3582 757,
348 3496 388 3560 19
408 3500 440 3560 et
455 3494 612 3561 Strabone
625 3492 706 3559 XIII
719 3517 749 3579 p.
760 3494 860 3558 589d.
870 3532 911 3539 —-
927 3493 1055 3579 Magnis
1070 3494 1104 3558 in
1119 3493 1244 3559 duobus
1259 3491 1390 3558 scholiis

218 3600 435 3666 choerososu
462 3624 492 3686 p.
516 3601 592 3688 244,
610 3600 646 3687 τ,
676 3598 826 3665 nasuta.
859 3600 898 3665 ιι
929 3598 1019 3665 nas.
1041 3598 1104 3686 ru,
1131 3582 1250 3685 sca,
1280 3598 1390 3682 atym.

219 3706 326 3793 Magn.
347 3706 422 3793 675,
440 3707 497 3795 34,
525 3707 634 3791 Etym.
655 3705 734 3772 Gud.
753 3706 829 3793 469,
848 3707 877 3792 7,
903 3706 952 3792 13,
971 3706 1014 3770 42
1038 3709 1070 3770 et
1092 3728 1122 3789 p.
1142 3704 1217 3791 254,
1239 3703 1389 3770 Eustath.

219 3813 260 3877 ad
277 3811 367 3878 Iliad.
380 3813 438 3899 IV,
454 3813 526 3901 123,
540 3813 682 3899 38-41,
701 3812 809 3899 Etym.
823 3811 931 3897 Magn.
946 3811 999 3897 83,
1014 3812 1043 3897 7,
1061 3811 1169 3896 Etym.
1185 3809 1264 3878 aud.
1274 3811 1328 3899 44,
1337 3810 1390 3898 50,

76 3970 81 3981 .
219 3942 301 4005 quae
323 3920 358 3984 in
379 3920 491 3985 multis
514 3920 720 3985 consentiunt
738 3941 810 3984 cum
828 3917 1009 3983 Homericis
1029 3917 1068 3982 ad
1086 3922 1122 3982 Σ
1136 3918 1201 3982 486
1221 3922 1253 3983 et
1276 3918 1390 4002 Τ222,

220 4031 295 4092 sunt
328 4026 484 4111 quaedam
515 4031 600 4091 certe
630 4025 804 4111 Didymea3
836 4046 917 4110 quae
948 4023 1099 4090 distincte
1131 4046 1293 4090 secernere
1323 4045 1390 4088 non

219 4135 283 4198 iarn
301 4133 385 4199 licet.
399 4170 443 4182 -
457 4130 509 4198 Ad
522 4156 552 4199 v.
565 4132 631 4199 435
650 4133 716 4197 fere
734 4133 842 4197 omnia
860 4131 975 4197 scholii
994 4129 1210 4197 Choerobosci
1223 4128 1268 4217 (a
1279 4128 1389 4214 Etym.

218 4240 327 4326 Magn.
346 4241 404 4329 48,
421 4241 463 4304 47
493 4244 525 4304 et
548 4238 661 4304 Zonar.
675 4262 705 4323 p.
725 4236 805 4327 112)
828 4242 905 4303 sunt
927 4238 1094 4324 Didymea,
1117 4237 1235 4322 quippe
1257 4236 1314 4299 ubi
1337 4258 1388 4300 res
1415 4234 1418 4239 “

220 4348 263 4413 sit
285 4348 323 4413 de
345 4347 484 4413 lectione
506 4345 608 4412 varia:
635 4345 855 4412 ἀκιώτατοι
880 4346 1205 4432 conscendimus.
1250 4340 1301 4419 κὶς
1325 4342 1388 4428 γὰρ

219 4451 347 4538 λέγεται
375 4454 393 4520 ὁ
421 4452 458 4520 έν
486 4465 557 4532 τοῖς
584 4451 695 4531 ξύλοις
726 4450 861 4534 σκώληξ.
911 4452 1022 4517 ἀλλοι
1051 4448 1100 4538 (in
1125 4449 1178 4515 his
1201 4446 1388 4537 Seleucuai)
