3342 5168
276 286 321 350 44
624 288 665 341 De
684 287 803 343 Taetzae
822 287 991 341 scholiorum
1009 288 1096 343 fonte.

276 450 478 515 diiudicanda
505 451 628 516 scholia
654 452 866 536 aptissimum.
907 450 958 516 Ita
980 451 1033 538 fit,
1059 456 1097 517 ut
1112 466 1208 539 raro,
1230 451 1316 536 quod
1335 473 1447 516 verum

277 558 321 621 sit
344 558 379 621 in
400 558 451 622 his
474 558 579 645 rebus,
600 558 710 623 lateat.

365 661 560 728 Accedamus
591 685 677 728 nunc
704 664 745 729 ad
771 665 817 751 id,
849 669 886 730 ut
914 666 1183 752 demonstremus,
1214 665 1375 749 quomodo
1403 665 1447 730 sit

276 770 432 835 utendum
453 769 516 835 hcc
537 771 762 837 instrumento.

844 967 874 1032 5.

363 1091 426 1157 Vel
449 1092 554 1157 obiter
575 1092 720 1178 legentes
743 1093 875 1157 Tzetzae
899 1092 1021 1158 scholia
1042 1114 1109 1158 non
1131 1094 1225 1179 fugit,
1248 1097 1369 1178 quanta
1391 1093 1446 1158 ille

275 1198 407 1263 audacia
442 1197 563 1284 ubique
599 1199 666 1264 fere
702 1199 873 1264 invehatur
909 1200 944 1264 in
981 1200 1190 1284 interpretem
1226 1200 1444 1265 vetustiorem.

275 1303 395 1370 Statim
418 1305 452 1368 in
474 1306 710 1391 prolegomenis
733 1306 809 1391 suis,
831 1306 971 1371 multum
993 1328 1066 1371 eum
1087 1306 1250 1391 cavillans,
1272 1306 1446 1390 spopondit

275 1410 425 1476 omnibus
456 1412 491 1476 in
517 1412 613 1476 rebus
645 1412 810 1477 meliorem
841 1413 899 1477 illo
931 1413 1231 1496 interpretationem
1260 1435 1329 1477 sese
1356 1413 1445 1477 datu·

275 1539 348 1582 rum
372 1515 508 1605 (p.11):
536 1517 619 1584 άλλά
646 1520 686 1583 τά
709 1515 771 1604 μὲν
794 1517 1006 1605 ἡμαρτημένα
1028 1529 1073 1608 τῷ
1097 1520 1278 1608 σοφωτάτῳ
1302 1522 1444 1607 Πρόκλῳ

273 1623 452 1710 περεατέον
474 1647 542 1710 μοι,
565 1624 733 1710 χωρητέον
756 1624 796 1690 δέ
816 1648 872 1711 μοι
895 1628 979 1712 πρὸς
1000 1625 1062 1709 την
1085 1624 1248 1710 ἐξήγησιν.
1292 1627 1385 1711 ὑμεῖς
1408 1622 1445 1691 δὲ

274 1729 461 1816 ἀμφοτέρας
491 1732 549 1807 τὰς
582 1729 749 1815 ἐξηγήσεις
781 1728 899 1808 θέντες
930 1730 1124 1817 παράλληλα
1151 1730 1363 1817 άφιλέχθρως
1390 1730 1445 1797 καὶ

273 1839 484 1921 φιλαλήθως,
513 1840 592 1913 τοὺς
619 1847 680 1902 τοῦ
708 1839 866 1922 Πρόκλου
892 1835 948 1902 καὶ
975 1839 1053 1913 τοὺς
1083 1836 1182 1923 ε’μούς
1209 1837 1349 1915 άετιδεῑς
1377 1838 1446 1904 ἐπι-

272 1947 417 2030 κρίνατε,
438 1944 590 2028 ὁπότεροι
613 1944 851 2029 καθαρώτερον
868 1946 951 2030 πρὸς
969 1944 1031 2027 την
1044 1942 1205 2009 Ἡσιόδου
1223 1949 1358 2028 ποίησιν
1376 1951 1443 2010 κτλ.

272 2051 319 2114 At
336 2070 456 2114 nomen
474 2071 568 2114 suum
587 2049 747 2134 quomodo
767 2050 885 2116 solvit?
921 2048 1015 2115 Nihil
1031 2049 1108 2115 fecit
1126 2051 1190 2116 nisi
1209 2052 1379 2136 exscripsit
1393 2051 1444 2116 ed-

273 2156 452 2222 versarium
476 2178 570 2221 auum
592 2156 761 2221 venditans
784 2179 821 2221 ee
845 2157 975 2244 scholia,
999 2179 1080 2241 quae
1098 2157 1236 2222 vidimus
1255 2159 1357 2223 veteri
1375 2180 1444 2223 esse
1463 2156 1482 2174 “

273 2263 443 2348 interpreti
469 2264 649 2351 tribuenda,
671 2286 730 2349 pro
758 2264 943 2330 Proclianis.
990 2263 1091 2341 Quem
1118 2286 1240 2329 morem
1266 2266 1301 2329 in
1327 2287 1444 2331 memo·

273 2370 355 2435 riam
377 2370 440 2435 tibi
461 2371 618 2436 revocabo
642 2372 752 2456 paucis
776 2371 939 2455 exemplis.
976 2369 1029 2436 Ad
1050 2395 1079 2437 v.
1098 2370 1163 2436 526
1183 2369 1227 2459 (p.
1247 2369 1327 2458 316)
1345 2372 1444 2437 habet

273 2477 400 2542 Taetza:
423 2488 585 2563 perpaucos
608 2480 670 2564 γάρ
694 2484 821 2544 πολλοῦ
839 2481 1015 2561 γεγονότος
1032 2480 1069 2544 τὸ
1089 2479 1212 2564 θύριον
1230 2478 1250 2562 ἡ
1270 2479 1389 2564 άρκτος
1407 2478 1444 2544 έν

273 2585 318 2672 τῷ
342 2582 460 2668 ἑαυτῆς
482 2590 600 2672 φωλεῷ
625 2583 797 2669 καθημένη
820 2587 899 2662 τοὺς
919 2585 1026 2661 ἰδίους
1044 2585 1149 2660 πόδας
1166 2586 1443 2670 περιλιχμάζουσα

273 2691 380 2775 διαζῇ,
410 2700 456 2779 τῷ
488 2690 687 2777 ἀπορεῖσθαι
715 2700 854 2777 τροφῆς·
887 2692 905 2757 ὁ
940 2686 977 2755 δὲ
1008 2691 1178 2767 πολύπους
1210 2690 1228 2755 ὁ
1260 2691 1443 2768 θαλάσσιος

272 2799 349 2874 τοὺς
369 2796 490 2862 ἑαυτοῦ
512 2798 702 2882 πλοκάμους
721 2797 837 2863 ἐσθίει.
875 2797 957 2863 ὅθεν
975 2796 1133 2873 πολλάκις
1150 2796 1337 2873 πολύποδες
1355 2797 1441 2882 εὑρί-

272 2919 394 2968 σκοντα
424 2905 654 2989 κολοβόποδες.
696 2901 921 2989 Ἀριστοτέλης
953 2899 990 2968 δὲ
1019 2905 1092 2969 ὑπὸ
1120 2903 1330 2987 παγούρων
1360 2902 1443 2987 φησὶ

271 3011 426 3092 τούτους,
449 3009 509 3094 οὐχ
532 3011 597 3075 ὑπὸ
622 3022 688 3075 τῶν
710 3010 911 3075 πολυπόδων
934 3008 1119 3075 ἐσθίεσθαι.
1164 3009 1286 3074 Eadem
1309 3013 1386 3074 sunt
1408 3010 1444 3074 in·

271 3114 378 3179 Procli
410 3115 547 3202 scholio,
579 3115 666 3199 quod
696 3116 736 3179 ed
768 3115 901 3180 eundem
932 3137 1060 3181 versum
1088 3114 1132 3202 (p.
1153 3114 1218 3180 315
1233 3113 1295 3202 sq.)
1327 3120 1444 3202 exstat,
1482 3166 1484 3170 .

272 3221 479 3286 coniunctum
501 3243 574 3285 cum
596 3221 719 3287 scholio
744 3222 860 3287 veteris
883 3223 1092 3308 grammatici.
1134 3221 1197 3286 Hic
1219 3225 1326 3286 autem
1350 3225 1442 3307 quasi

272 3327 419 3392 faucibus
446 3327 603 3411 premitur
630 3327 735 3393 bonus
763 3328 890 3394 Tzetza:
922 3329 1144 3394 testimonium
1171 3329 1256 3392 enim
1283 3326 1442 3393 Aristote

270 3434 358 3498 leum
380 3456 444 3499 una
467 3455 539 3498 cum
562 3456 683 3521 errore,
705 3457 769 3520 quo
792 3434 920 3500 laborat
943 3435 1011 3500 eius
1034 3433 1212 3522 ,J'roolus“,
1235 3435 1361 3499 limatus
1384 3440 1440 3500 est.

272 3539 386 3625 Neque
422 3541 508 3605 enim
543 3563 681 3626 usquam
713 3540 908 3607 Aristoteles
944 3541 1026 3606 dixit
1062 3541 1239 3626 polypodes
1275 3541 1340 3606 ὑπὸ
1374 3552 1442 3606 τῶν

271 3648 451 3732 παγούρων
481 3646 657 3713 ἐσθίεσθαι
688 3651 767 3726 τοὺς
798 3649 918 3732 πόδας,
949 3670 1060 3713 verum
1091 3648 1157 3713 ὑπὸ
1188 3658 1256 3712 τῶν
1288 3649 1442 3732 γόγγρων

272 3750 362 3840 (hist.
378 3754 472 3819 anim.
488 3755 553 3841 8,2
571 3777 601 3838 p.
616 3752 697 3819 590¹J
713 3752 778 3842 18).
819 3754 889 3820 lam
906 3754 987 3838 vide,
1011 3752 1137 3838 qualem
1157 3775 1191 3818 se
1208 3753 1361 3837 praebeat
1379 3753 1441 3818 iste

271 3860 443 3947 interpres,
475 3861 503 3925 si
534 3861 619 3925 forte
646 3861 821 3937 destitutus
850 3861 893 3925 sit
921 3860 1024 3946 fonte,
1055 3882 1094 3924 ex
1122 3881 1186 3944 quo
1215 3882 1272 3924 sue
1300 3860 1441 3944 exceptis

271 3966 473 4051 paucissimis
506 3968 631 4031 omnia
664 3966 767 4032 soleat
797 3966 935 4030 haurire.
982 3964 1083 4030 Velut
1113 3965 1288 4030 verisimile
1320 3969 1369 4030 est
1401 3965 1440 4030 ad

270 4095 299 4137 v.
319 4072 385 4138 695
406 4072 514 4138 Procli
537 4073 695 4137 scholium
718 4072 748 4137 ei
769 4093 837 4137 non
854 4075 983 4156 praesto
1001 4072 1115 4137 fuisse:
1138 4071 1319 4156 periphrasi
1336 4072 1441 4137 utitur

271 4177 316 4265 (p.
341 4177 434 4267 3ll):
466 4178 614 4265 olppoda'p
643 4174 680 4243 dl
707 4180 816 4264 χρόνῳ
842 4177 898 4243 καὶ
925 4178 1018 4267 γάμφ
1047 4180 1307 4264 συναρμόσθητι.
1353 4177 1440 4261 λέγει

272 4283 309 4352 δὲ
336 4295 456 4351 τοῦτον
484 4280 569 4350 εἶναι
592 4287 652 4351 τὸν
674 4286 754 4368 μήτε
777 4285 863 4349 πολὺ
886 4282 1152 4369 ἐπαναβεβηκότα
1175 4296 1242 4350 τῶν
1264 4283 1441 4370 τριάκοντα

272 4391 356 4458 ἐτῶν
378 4393 458 4477 μήτε
481 4393 567 4458 πολὺ
590 4389 775 4456 ἀποδέοντα
847 4388 902 4455 καὶ
926 4390 1012 4455 ούτω
1035 4387 1096 4475 μὲν
1122 4390 1139 4457 ὁ
1159 4390 1323 4468 Ἡσίοδος.
1368 4388 1440 4476 ἐμοὶ
