3366 5168
296 331 338 396 88
668 325 780 381 Scholia
792 324 904 379 Veteris
921 323 1093 394 Interpretis.

296 494 347 558 cui
371 493 536 558 docuimus
553 513 583 576 p.
594 490 636 554 67
656 489 878 574 subiungenda
892 509 969 573 esse,
988 508 1069 571 quae
1087 487 1251 572 excipiunt
1264 486 1327 551 duo
1346 509 1377 572 p.
1392 487 1467 574 245,

298 599 437 685 12-30,
460 598 585 662 etiamsi
608 597 701 682 signo
725 599 832 672 ἄλλως
854 616 921 660 non
937 598 1101 658 notantur.
1148 591 1319 658 Simillima
1338 598 1413 658 sunt
1432 594 1468 658 in

297 704 426 771 scholiis
449 704 629 769 Homericis
653 703 693 768 ad
711 708 746 767 Σ
761 702 838 786 486,
862 723 999 786 quorum
1021 700 1128 765 fontes
1148 722 1214 765 non
1234 700 1331 786 longe
1349 700 1467 764 absunt

297 836 315 876 a
332 811 461 876 Veteris
481 809 675 875 auctoribus.
711 808 856 873 Plurima
874 808 1030 892 praebent
1047 807 1290 892 Etymologica:
1313 805 1468 892 Magnum

296 942 326 1002 p.
345 916 424 1004 675,
444 917 488 981 34
515 914 568 1002 (cf.
591 912 717 1002 notam)
745 919 777 979 et
801 913 983 979 Gudianum
1005 937 1036 998 p.
1055 913 1130 999 469,
1150 917 1179 999 7,
1199 913 1249 998 13,
1268 913 1326 998 44,
1354 911 1468 977 861666

298 1048 321 1089 6.
344 1047 388 1109 1.,
420 1025 458 1089 of.
481 1023 692 1088 Eustathium
720 1021 760 1086 ad
787 1020 877 1085 Iliad.
896 1018 944 1084 IV
963 1020 1020 1105 86,
1038 1019 1180 1105 40-87,
1197 1020 1249 1085 421
1297 1017 1413 1084 Omnia
1441 1021 1469 1084 si

298 1131 478 1197 accuratius
497 1129 736 1212 examinaveris,
755 1127 897 1192 invenies
921 1127 1041 1210 ubique
1059 1127 1218 1191 rationem
1237 1148 1273 1190 66
1292 1126 1469 1191 doctrinam

297 1238 415 1302 veteris
447 1236 657 1322 grammatici.
703 1232 764 1299 061
793 1237 959 1317 praeterea
988 1237 1064 1297 sunt
1087 1233 1229 1298 addenda
1252 1232 1407 1317 quaedam
1430 1255 1469 1297 ex

299 1343 406 1428 ampla
429 1343 562 1407 Taetuae
590 1341 821 1424 disputatione,
852 1361 933 1423 quae
959 1338 1074 1404 Proclo
1101 1360 1167 1403 non
1195 1338 1317 1404 debeat.
1362 1339 1469 1403 Huius

299 1453 407 1514 autem
430 1448 659 1533 disputationis
683 1468 755 1510 cum
779 1446 838 1510 sub
862 1446 959 1509 finem
981 1444 1125 1530 legamus
1148 1445 1310 1529 adscripta
1337 1445 1377 1509 ad
1400 1468 1469 1528 par-

299 1552 821 1639 1161116616.251,10-2911666
843 1551 953 1616 verba:
978 1555 1168 1636 σημείωσαι,
1192 1551 1350 1628 ἐναντίως
1374 1547 1470 1629 οὗτός

300 1677 382 1744 φησι
411 1670 449 1745 τῇ
473 1669 533 1725 τοῦ
560 1659 695 1738 Τζέτζου
719 1657 884 1742 ἐξηγήσει,
912 1658 1087 1723 cavendum
1114 1662 1177 1744 est,
1201 1679 1241 1722 ne
1265 1658 1469 1743 decipiamur.

299 1766 364 1831 Res
381 1767 427 1831 sic
446 1765 605 1830 sehabet.
625 1764 717 1830 Pars
735 1765 896 1850 posterior
914 1763 1009 1828 fluxit
1027 1786 1044 1828 e
1063 1764 1254 1829 Proclianis:
1278 1787 1353 1849 pars
1372 1765 1470 1850 prior,

300 1896 397 1956 quam
424 1871 655 1956 Moschopulus
677 1894 708 1957 p.
731 1870 798 1935 254
832 1871 1014 1955 exscripsit,
1047 1865 1172 1936 diversa
1199 1875 1262 1956 est,
1295 1875 1326 1935 et
1357 1875 1471 1956 regnat

247 2033 250 2037 .
300 2001 357 2062 per
384 2001 454 2044 eam
486 1979 695 2064 grammatica
726 1978 845 2042 veteris
878 1977 1072 2062 interpretis.
1123 1976 1200 2042 Fuit
1231 1978 1333 2063 igitur
1364 1982 1470 2043 totum

299 2084 362 2150 hoc
390 2084 548 2149 scholium
575 2085 611 2148 in
633 2084 696 2149 alia
719 2084 857 2168 quadam
885 2083 1071 2148 collectione
1102 2084 1249 2168 reliquis,
1278 2105 1360 2167 quae
1381 2084 1471 2150 inno-

300 2195 447 2276 tuerunt,
470 2190 626 2255 dissimili.
674 2189 802 2255 Veteris
826 2193 933 2254 autem
955 2190 1141 2274 interpretis
1164 2213 1239 2275 pars
1263 2191 1383 2255 eisdem
1405 2192 1470 2256 fere

302 2298 409 2362 verbis
432 2298 552 2382 legitur
575 2299 673 2362 etiam
696 2298 732 2361 in
753 2295 1000 2381 Etymologicis,
1017 2295 1137 2382 Magno
1156 2319 1186 2381 p.
1207 2297 1259 2381 83,
1281 2298 1298 2360 7
1324 2295 1472 2385 (61016-

301 2405 382 2469 meri
401 2404 507 2469 anecd.
527 2402 584 2469 Ox.
600 2404 630 2489 2,
640 2401 720 2491 331)
740 2407 772 2467 61
791 2401 938 2467 6661666
957 2426 986 2485 p.
1001 2403 1053 2485 44,
1064 2403 1115 2471 50.
1152 2401 1472 2468 Α6661166161111616

301 2511 342 2576 ad
369 2509 501 2575 iliadem
519 2508 567 2574 IV
587 2510 660 2596 123,
679 2506 848 2596 38—41.¹)
895 2507 1099 2573 Vetustatem
1122 2509 1287 2574 doetrinae
1309 2514 1471 2575 testantur

301 2617 473 2683 Homerica
501 2616 624 2681 scholia
651 2615 691 2680 ad
719 2619 749 2679 T
763 2615 836 2680 222.
861 2652 902 2661 -
925 2614 1113 2679 Proximum
1141 2620 1190 2680 est
1217 2615 1376 2680 scholium
1403 2616 1472 2681 bre-

301 2723 470 2788 vissimum
502 2746 532 2807 p.
556 2721 636 2808 256,
660 2722 783 2807 7-10,
814 2722 866 2786 661
898 2720 995 2786 addas
1028 2722 1236 2806 grammatica
1267 2723 1472 2807 Moschopuli

301 2854 332 2915 p.
352 2829 427 2914 255,
448 2827 542 2893 1-5.
580 2825 705 2893 Similia
728 2849 766 2891 ex
785 2827 849 2891 alio
867 2827 956 2891 fonte
974 2826 1095 2891 habent
1113 2827 1306 2892 Eustathius
1325 2828 1365 2893 ad
1382 2827 1471 2893 Iliad.

302 2959 332 3019 p.
351 2935 426 3019 578,
441 2936 483 2999 37
513 2939 545 2999 61
567 2933 808 3019 Etymologica,
834 2933 989 3018 Magnum
1012 2956 1036 2998 s.
1059 2957 1088 2998 v.
1111 2937 1207 3011 πόλις
1235 2939 1267 2998 61
1291 2933 1472 2999 6166166616

304 3041 413 3106 eadem
433 3064 456 3105 s.
471 3064 499 3105 v.
519 3062 549 3125 p.
564 3039 639 3126 475,
655 3040 705 3103 13,
742 3038 971 3123 Mosohopulus
994 3044 1051 3105 aut
1073 3040 1279 3126 neglegenter
1303 3041 1472 3125 exscripsit

304 3150 360 3210 aut
391 3146 506 3211 misere
538 3147 603 3210 iam
635 3148 784 3229 excerpta
815 3145 951 3230 invenit,
983 3171 1013 3230 p.
1032 3145 1231 3232 259,1-5,
1263 3147 1301 3211 cf.
1325 3147 1472 3212 Tzetzam

303 3276 333 3337 p.
353 3251 586 3338 259,11-23.
631 3250 804 3342 ¹Postrema
835 3250 1057 3337 neglegentius
1089 3253 1188 3318 tradit
1220 3258 1331 3318 auctor
1363 3253 1472 3337 Etym.

304 3358 416 3445 Magni
438 3382 468 3443 p.
490 3356 610 3443 145,1,
638 3357 676 3422 cf.
691 3357 799 3441 Etym.
815 3355 894 3422 Gud.
913 3382 943 3443 p.
961 3359 1011 3445 77,
1029 3360 1070 3424 47
1096 3364 1128 3423 61
1145 3359 1296 3424 Eustath.
1320 3360 1360 3424 ad
1382 3358 1472 3425 Iliad.

304 3488 334 3549 p.
356 3465 500 3548 140,12,
523 3464 563 3527 66
586 3462 699 3547 Odyss.
717 3487 748 3549 p.
769 3463 864 3550 1533,
885 3464 935 3529 14.
979 3463 1130 3530 Fortasse
1154 3488 1192 3530 ex
1215 3466 1326 3530 eodem
1350 3466 1472 3532 scholio

305 3592 363 3635 sua
385 3571 524 3655 sumpsit
540 3569 591 3635 Ρ6.
610 3569 751 3635 Zonaras
769 3594 799 3655 p.
821 3571 904 3635 1261
930 3568 1018 3658 (cum
1041 3571 1190 3636 lemmate
1211 3570 1361 3660 κτητήν),
1383 3573 1473 3638 ouius
1589 3603 1592 3607 ·

304 3675 367 3741 huc
394 3677 516 3741 faciunt
544 3677 654 3763 etiam,
684 3681 864 3761 quaesunt
891 3700 921 3761 p.
942 3678 1006 3742 130
1029 3675 1217 3765 (ἀλεωρήν).

393 3783 458 3848 Res
482 3783 651 3848 manifesta
673 3787 722 3847 est
745 3783 779 3848 in
804 3783 925 3848 scholio
949 3783 989 3847 ad
1011 3807 1039 3848 1.
1053 3784 1134 3869 408,
1163 3784 1253 3849 66166
1276 3806 1351 3869 pars
1374 3785 1474 3850 altera

305 3886 350 3976 (p.
365 3890 440 3976 260,
457 3887 557 3977 1-6)
571 3911 644 3954 oum
657 3889 818 3955 Procliani
836 3887 950 3954 scholii
968 3889 1076 3974 priore
1089 3890 1125 3954 in
1137 3912 1238 3955 unum
1252 3891 1380 3957 coaluit.
1415 3889 1474 3956 Ar·

306 3999 459 4080 gumento
487 3999 537 4060 est
564 3996 647 4060 ratio
670 3994 830 4060 tractandi
854 3996 1070 4080 grammatica.
1115 3995 1229 4080 Neque
1252 3997 1395 4081 deerant,
1419 3997 1474 4081 qui

308 4100 538 4188 exscriberent,
569 4102 603 4164 in
630 4102 744 4185 primis
773 4101 857 4165 idem
884 4100 935 4168 Ρ6.
954 4100 1095 4168 Zonaras
1117 4127 1147 4188 p.
1169 4104 1254 4168 1729
1280 4101 1408 4191 (surm),
1440 4104 1474 4167 in

377 4259 403 4327 1)
423 4256 462 4311 ef.
483 4257 520 4310 ad
537 4255 656 4310 iliadem
671 4275 698 4326 p.
709 4263 770 4327 811,
780 4262 822 4311 27.
861 4257 990 4313 Ceterum
1007 4260 1171 4330 monuerim,
1189 4261 1238 4314 ubi
1256 4259 1376 4331 paginas
1395 4259 1474 4313 Basi-

306 4346 415 4401 leenses
439 4344 582 4413 adscribo,
605 4361 650 4399 me
667 4345 721 4399 hoc
739 4345 831 4400 faeere
850 4362 883 4401 eo
902 4347 1033 4417 oonsilio,
1061 4351 1093 4402 ut
1110 4365 1161 4418 pro
1185 4347 1290 4403 indicio
1314 4348 1352 4402 sit
1374 4348 1474 4402 Eusta

306 4434 408 4488 thiana
425 4450 483 4489 non
500 4432 658 4488 manavisse
677 4450 710 4488 ex
723 4433 792 4503 ipsis
811 4434 924 4490 scholiis
942 4435 1095 4492 Hesiodeis.
