3342 5168
291 292 332 356 18
462 294 465 301 ’
563 290 605 345 De
624 289 759 359 ampliore
778 289 845 343 olim
862 287 955 343 Procli
974 287 1181 342 commentario.

290 450 417 540 affero):
449 452 505 518 illa
535 451 684 518 adeamus
708 452 887 538 Taetziana,
909 451 944 515 in
971 450 1089 534 quibus
1118 453 1205 514 certa
1231 448 1342 512 insunt
1370 469 1462 533 argu-

290 564 412 646 menta,
447 560 531 624 unde
563 559 722 624 discamus
754 581 828 622 eum
859 557 966 622 Procli
998 556 1120 621 scholia
1150 556 1280 620 novisse
1312 555 1462 619 uberiora

291 689 388 751 quam
414 688 500 730 nunc
532 660 615 730 sunt.
667 663 784 730 Statim
814 664 854 728 ad
881 664 948 727 ul
974 662 1017 751 (p.
1038 663 1080 726 23
1092 660 1153 749 sq.)
1183 662 1351 726 miraberis
1385 660 1462 725 Pro-

290 773 388 858 clum,
420 795 515 856 quem
543 772 658 836 Tuetza
689 770 896 855 loquacitatis
930 770 1052 856 arguit,
1082 769 1275 852 paucissima
1303 767 1462 852 explicare

290 879 328 943 de
350 879 469 964 Musis,
497 878 583 963 quod
610 881 718 942 tamen
746 879 972 962 argumentum
999 875 1131 939 minime
1159 874 1299 938 alienum
1328 877 1397 938 erat
1420 874 1460 938 ab

290 986 358 1049 eius
390 985 514 1049 studiis.
561 982 683 1048 Contra
715 974 800 1066 apud
826 982 975 1047 Taetzam
1002 982 1068 1045 fere
1096 981 1193 1046 vicies
1220 980 1356 1044 totidem
1385 984 1461 1045 sunt

290 1089 334 1178 (p.
353 1088 510 1178 25-36)
542 1090 709 1174 multaque
737 1111 834 1173 supra
861 1088 957 1153 huius
987 1088 1129 1152 doctoris
1156 1087 1335 1172 ingenium,
1361 1087 1462 1152 veluti

290 1199 376 1282 quod
408 1198 500 1262 affert
531 1197 663 1261 nomina
689 1195 872 1260 rarissimae
898 1194 1084 1259 memoriae:
1116 1191 1290 1279 Melissei1)
1322 1195 1461 1258 auctoris

288 1303 528 1388 Delphicorum,
550 1299 766 1389 Lysimachi²)
786 1300 963 1387 Cyrenaici,
986 1301 1042 1385 qui
1065 1300 1194 1384 scripsit
1212 1297 1288 1384 περὶ
1306 1310 1461 1383 ποιητῶν.

289 1411 439 1475 Profecto
462 1431 529 1474 non
552 1431 627 1474 suae
651 1409 815 1474 doctrinae
837 1408 901 1472 ista
919 1407 1013 1471 debet
1032 1407 1267 1492 grammaticus
1305 1403 1368 1470 Sed
1386 1410 1461 1470 sunt

291 1517 343 1582 vel
374 1516 477 1581 multo
510 1516 659 1603 graviora
692 1518 889 1601 argumenta.
934 1512 974 1578 In
1000 1513 1105 1578 media
1131 1513 1217 1577 enim
1244 1512 1462 1595 disputatione

292 1645 350 1687 sua
373 1622 483 1687 subito
502 1623 617 1687 Taetza
641 1622 796 1687 exclamat
817 1619 860 1708 (p.
880 1618 952 1708 28);
975 1620 1058 1686 ἄλλα
1080 1624 1116 1685 τί
1134 1631 1356 1705 μακρηγορεῖν
1378 1618 1463 1704 ἡμᾶς

290 1728 537 1813 ἀναγκόζεις;
561 1727 704 1795 ...ἀλλ’
733 1730 809 1794 ldod
831 1745 892 1793 σοι
915 1729 1158 1810 πειθόμενος
1181 1725 1385 1811 ἐξημάρτηκα
1407 1723 1462 1789 καὶ

291 1838 350 1901 τὸν
374 1839 475 1919 λόγον
498 1848 568 1914 τοῖς
592 1838 702 1921 λήροις
726 1839 877 1900 Μουσῶν
899 1836 1094 1915 καταλόγοις
1117 1830 1288 1916 ἐκτέτευχα
1303 1885 1309 1896 .
1325 1882 1332 1897 .
1348 1884 1354 1896 .
1369 1833 1406 1897 τὸ
1426 1828 1463 1896 dl

291 1952 355 2008 νῦν
374 1942 558 2035 ἀκαίριον
576 1944 831 2025 πολυλόνημα
847 1941 916 2006 σὸν
935 1937 1153 2022 λογιζέσθω
1172 1937 1385 2022 ἁμάρτημα.
1416 1937 1462 2001 Et

289 2070 331 2113 ne
355 2048 547 2134 dubitemus,
571 2048 644 2132 quis
668 2049 720 2135 sit,
743 2070 838 2131 quem
855 2049 948 2110 tanta
966 2045 1126 2132 gravitate
1146 2045 1340 2128 increpitans
1357 2043 1460 2108 nihilo

290 2155 412 2239 minus,
435 2158 472 2218 ut
494 2155 564 2238 ipse
587 2155 773 2241 confitetur,
795 2153 993 2239 expilaverit,
1015 2151 1108 2236 ponit
1131 2152 1200 2236 ipse
1222 2151 1310 2215 illius
1331 2173 1462 2216 nomen:

289 2260 345 2327 καὶ
372 2266 517 2347 σφαίρας
545 2261 656 2346 ἐννέα,
688 2261 725 2327 ἐν
756 2252 808 2337 αἷς
835 2261 872 2325 αἱ
897 2263 1034 2324 Μοῦσαι
1061 2260 1156 2324 κατὰ
1183 2261 1252 2324 τὸν
1279 2261 1462 2344 Πρόκλον

290 2369 485 2453 βαδίζουσιν
508 2365 552 2455 (p.
572 2364 630 2455 30)
659 2367 841 2452 pergitque:
868 2364 1039 2432 ἀλλὰκαὶ
1062 2375 1178 2430 τοῦτο
1200 2367 1320 2431 πόλιν
1341 2367 1379 2430 τὸ
1402 2389 1462 2449 μα-

289 2477 478 2561 κρολόγημα
511 2477 581 2539 σόν
614 2473 711 2538 ἐστιν.
763 2475 891 2538 danda
928 2473 990 2557 yolo
1026 2474 1129 2556 παρα
1161 2480 1231 2538 σοῦ
1263 2468 1462 2557 προτραπεὶς

290 2581 419 2658 ἁπάσας
450 2582 508 2658 τὰς
541 2581 682 2657 Μούσας
715 2581 821 2645 εἰπεῖν
852 2584 918 2644 κτλ.
952 2576 996 2665 (p.
1025 2575 1091 2665 31).
1139 2577 1284 2642 Plurima
1316 2598 1391 2664 ergo
1423 2576 1462 2640 de

290 2686 393 2752 Musis
417 2686 502 2771 apud
519 2686 670 2751 Proclum
693 2685 826 2772 invenit,
849 2706 866 2748 e
890 2685 1007 2769 quibus
1031 2686 1066 2749 in
1083 2685 1163 2769 ipsis
1181 2683 1359 2748 Proclianis
1377 2704 1462 2746 nunc

289 2797 419 2858 tantum
441 2793 578 2879 vestigia
601 2793 756 2878 quaedam
779 2792 968 2856 tenuissima
992 2794 1172 2876 supersunt.

377 2899 430 2965 Ad
456 2925 485 2966 v.
510 2901 552 2968 82
576 2898 622 2988 (p.
646 2898 704 2987 91)
736 2899 866 2963 Tuetzes
894 2898 985 2962 dicit:
1014 2898 1197 2982 ἐδώρησαν·
1228 2895 1354 2980 Ἀττικὴ
1383 2896 1462 2961 ἀπο-

289 3010 384 3091 κοπη.
431 3007 493 3071 κᾶν
524 3005 579 3072 καὶ
611 3015 709 3071 τοῦτο
743 3006 760 3071 ὁ
793 3007 947 3088 Πρόκλος
973 3001 1122 3069 Ἰωνικὸν
1154 3002 1241 3086 λέγη.
1286 3000 1325 3065 111
1355 3000 1462 3065 Procli

291 3113 422 3177 scholiis
446 3113 511 3176 tale
535 3111 613 3195 quid
629 3110 768 3175 inveniri
789 3131 948 3193 nusquam
967 3112 1083 3193 potest.
1120 3105 1173 3172 Ad
1190 3107 1303 3174 v.-34o
1322 3106 1366 3194 (p.
1381 3105 1461 3194 225)

293 3341 372 3411 ἡμεῖς
390 3340 443 3410 γὰρ
463 3339 496 3394 ob
515 3343 600 3409 λῆρον
619 3340 761 3408 ἀσκοῦμεν
779 3347 896 3409 ψυχρῶν
914 3335 1076 3408 λοηυδρίων,
1098 3336 1167 3391 ἀλλὰ
1185 3334 1221 3391 τὰ
1239 3332 1335 3406 καίρια
1354 3335 1461 3406 γράφο-

292 3449 352 3500 μεν,
372 3427 442 3498 μηδὲ
461 3427 521 3491 τὰς
538 3425 646 3494 λέξεις
664 3436 841 3495 φυσῶντες
858 3427 907 3482 καὶ
922 3427 1186 3497 ὃιοηκόλλοντες
1205 3433 1463 3495 στομφαστιαῶς

292 3519 339 3571 καὶ
359 3518 506 3588 μετεώροις
524 3515 728 3589 λαβρόσμασιν,
753 3515 823 3570 ἀλλὰ
842 3517 923 3586 πεζῇ
942 3517 991 3569 καὶ
1009 3515 1129 3586 ἁπλοϊκῇ
1148 3515 1196 3569 καὶ
1215 3511 1405 3588 συνηθεστέρηι
1424 3521 1461 3584 τη

291 3603 381 3671 λέξει
400 3606 563 3676 κεχρήμεθα
583 3608 638 3659 κτλ.
676 3603 853 3672 Quamquam
870 3620 928 3658 non
945 3603 1092 3674 pugnabo,
1112 3603 1136 3656 si
1156 3602 1260 3656 dixeris
1278 3603 1349 3657 haec
1367 3601 1461 3672 potius

187 3709 189 3714 ·
290 3694 431 3764 pertinere
450 3694 487 3747 ad
504 3692 773 3763 Neoplatonicorum
793 3693 926 3762 ambages
944 3692 1148 3761 mysticamque
1168 3690 1376 3746 obscuritatem.

382 3786 407 3853 1)
426 3783 581 3850 Utrumque
599 3782 713 3836 Tzetzes
738 3780 824 3835 semel
848 3780 934 3835 etiam
957 3780 987 3834 in
1008 3779 1184 3834 chiliadibus
1206 3777 1376 3832 nominavit:
1404 3778 1462 3831 Me-

291 3869 406 3924 lisseum
420 3877 445 3939 6,
460 3876 507 3940 903
525 3870 728 3940 Lysimachum
746 3877 770 3938 6,
786 3876 846 3924 920.
873 3870 915 3924 De
929 3869 1060 3923 Melisseo
1079 3867 1151 3921 nihil
1170 3869 1343 3936 compertum
1361 3865 1461 3921 habeo.

380 3963 407 4030 2)
426 3959 552 4027 Accedit,
571 3959 647 4027 quod
664 3958 746 4013 nobis
766 3958 973 4028 Cyrenaicus
991 3956 1174 4027 Lysimachus
1192 3973 1228 4010 ne
1246 3958 1330 4009 notus
1348 3954 1462 4023 quidem

292 4051 347 4117 est,
379 4048 585 4102 Alexandrinus
612 4064 678 4102 vero
706 4047 755 4101 ille
784 4047 984 4117 grammaticus
1012 4046 1057 4118 (cf.
1086 4045 1242 4099 Radtkium
1271 4044 1331 4112 „De
1358 4043 1461 4113 Lysim.

291 4135 500 4190 Alexandrino“
520 4140 608 4207 1893),
627 4140 764 4204 quantum
782 4136 893 4204 scimus,
911 4153 968 4189 non
987 4134 1100 4204 scripsit
1116 4136 1181 4203 περὶ
1199 4142 1331 4202 ποιητῶν.
1363 4132 1462 4200 Itaque

292 4242 345 4295 ego
371 4241 482 4293 quoque
505 4224 652 4279 maluerim
675 4242 738 4279 cum
761 4224 880 4278 Miillero
904 4224 1023 4294 (Fragm.
1050 4223 1122 4278 Hist.
1143 4223 1188 4277 Gr.
1205 4229 1234 4290 3,
1250 4224 1312 4291 342)
1331 4221 1463 4275 Taetaam

291 4315 345 4369 hoc
363 4314 425 4368 loco
439 4313 637 4383 neglegentiae
651 4329 791 4381 accusare,
810 4312 859 4381 qui
873 4312 993 4366 fortasse
1006 4329 1109 4366 nomen
1123 4309 1292 4380 Lysaniae
1309 4309 1462 4379 Cyrenaici,

293 4402 415 4459 auctoris
434 4402 500 4457 libri
519 4403 583 4472 περὶ
601 4411 733 4471 ποιητῶν,
752 4401 826 4455 male
846 4418 879 4455 ex
898 4400 1053 4455 Proclianis
1073 4398 1258 4469 exscripserit.
