3366 5168
572 333 685 389 Scholia
698 332 808 388 Veteris
825 333 997 404 Interpretis.
1327 337 1369 401 93

200 497 339 563 occurrit
372 496 518 561 doctrina
555 496 674 561 eisdem
705 495 868 561 illustrata
900 496 1061 581 exemplis.
1117 495 1230 562 Nihilo
1262 502 1370 562 tamen

199 605 306 668 minus
329 602 545 688 Etymologos
569 603 609 668 ad
631 601 790 667 Hesiodea
813 602 935 667 scholia
957 625 1080 668 revoco.
1129 601 1169 667 In
1190 602 1370 669 Homericis

197 710 297 794 enim,
325 708 358 773 id
383 709 467 793 quod
490 709 542 773 vel
563 708 757 773 Eustathius
781 712 935 794 testatur,
958 709 1100 793 passim
1123 708 1161 772 de
1184 708 1250 774 illis
1273 710 1369 775 rebus

198 816 318 900 agitur:
346 815 586 880 coniunctim
614 819 646 879 et
670 815 730 879 sub
754 837 818 881 uno
842 818 1014 899 conspectu
1037 815 1217 899 composita
1239 815 1369 881 inventa

197 926 273 986 sunt
304 922 413 1006 potius
445 922 481 985 in
511 921 689 987 Hesiodeis.
745 917 861 986 Omnia
892 922 993 1006 igitur
1024 921 1159 986 referam
1190 920 1230 986 ad
1262 943 1369 985 mcum

195 1026 354 1092 Veterem.

285 1131 360 1198 Sine
388 1134 486 1199 dubio
510 1133 639 1198 Veteris
667 1133 825 1199 scholium
853 1134 894 1199 ad
915 1157 945 1200 1.
968 1132 1034 1197 518
1063 1134 1230 1217 exscripsit
1252 1133 1369 1200 Eusta-

196 1240 284 1305 thius
313 1240 354 1305 ad
381 1238 494 1324 Odyss.
517 1237 550 1304 II
574 1241 629 1325 81,
649 1239 795 1326 34-39,
822 1241 941 1325 quippe
969 1240 1025 1324 qui
1047 1261 1114 1304 non
1136 1239 1175 1303 de
1197 1239 1368 1306 Homerico

197 1368 292 1411 versu
305 1347 461 1432 disputet,
479 1346 535 1411 sed
553 1346 591 1411 de
604 1345 765 1411 Hesiodeo
778 1346 977 1431 Homerique
994 1346 1093 1411 10150
1110 1349 1239 1411 tantum
1257 1346 1369 1411 afferat

198 1452 335 1537 exempli
364 1473 467 1517 causa.
516 1451 604 1518 Idem
632 1453 754 1518 scholia
780 1451 941 1518 Hesiodea
967 1453 1007 1517 ad
1034 1475 1062 1517 1.
1084 1451 1150 1516 519
1180 1456 1368 1536 quaesunt,

196 1558 355 1647 adhibuit,
368 1580 427 1623 nec
445 1561 553 1624 tamen
571 1559 754 1644 exscripsit:
771 1559 811 1626 cf.
830 1559 871 1622 ad
884 1556 974 1623 Iliad.
988 1582 1018 1643 p.
1034 1559 1109 1642 214,
1125 1558 1302 1643 1001384,
1318 1560 1367 1624 11.

199 1702 242 1712 -
265 1662 427 1729 Absoluta
449 1664 514 1728 iam
536 1669 585 1730 est
608 1687 705 1749 supra
726 1688 756 1749 p.
771 1666 813 1729 41
826 1686 872 1748 sq.
896 1665 1042 1748 quaestio
1065 1664 1104 1728 de
1126 1666 1243 1729 veteris
1272 1665 1370 1729 inter·

200 1771 302 1854 pretis
325 1770 472 1855 graviore
495 1772 632 1855 quadam
655 1771 875 1857 adnotatione,
903 1792 984 1854 quae
1006 1770 1189 1854 pertinebat
1216 1769 1256 1835 ad
1279 1792 1370 1834 voca-

185 1862 304 1940 'culum
325 1879 408 1960 μᾶζα
426 1899 453 1941 1.
469 1876 542 1941 590.
581 1875 702 1943 Contra
715 1900 745 1962 p.
761 1877 826 1941 346
845 1880 1007 1961 postrema
1021 1880 1149 1941 tantum
1164 1874 1205 1963 (v.
1222 1875 1367 1963 26-28)

195 1982 271 2048 huic
293 1986 430 2068 possunt
457 1983 645 2072 adiudicari,
672 1984 790 2068 quibus
814 2006 852 2048 ex
875 1984 984 2068 Etym.
1007 1982 1115 2069 Magn.
1144 1983 1257 2068 addas,
1286 2004 1368 2067 quae

197 2092 273 2155 sunt
294 2112 325 2175 p.
344 2080 419 2175 388,
438 2090 480 2154 28
503 2113 635 2174 prorsus
658 2113 697 2155 ex
720 2091 807 2155 illius
830 2113 919 2155 more
942 2090 1070 2175 scripta.
1118 2088 1232 2154 Priora
1253 2088 1368 2154 Proclo

195 2195 329 2282 tribues,
352 2196 497 2261 simodo
521 2197 763 2282 comparaveris,
788 2219 869 2282 quae
886 2197 1087 2281 praecedunt.
1124 2194 1212 2260 Idem
1229 2195 1315 2261 valet
1333 2196 1369 2259 in
1392 2279 1396 2288 Ι

197 2302 356 2368 0011011111
378 2302 461 2367 falso
483 2301 596 2368 Veteri
619 2304 814 2369 attributum
836 2302 1027 2389 1135211,
1051 2303 1168 2367 additis
1191 2305 1368 2387 quaesunt

195 2432 226 2493 p.
247 2408 391 2495 354,18.
438 2407 559 2474 Contra
580 2408 678 2475 huius
702 2413 751 2475 est
773 2410 949 2497 proprium,
972 2408 1058 2493 quod
1079 2430 1165 2473 nunc
1188 2409 1228 2473 ad
1250 2431 1278 2472 1.
1293 2408 1368 2491 614,

196 2539 227 2600 p.
239 2513 313 2600 354,
324 2515 455 2579 28-29
474 2516 559 2579 inter
577 2514 744 2581 Procliana
762 2520 812 2581 est
830 2516 1032 2600 pertinetque
1051 2515 1091 2579 ad
1109 2515 1218 2579 doctas
1233 2513 1368 2578 Alexan·

197 2621 363 2685 drinorum
386 2642 487 2686 curas.
533 2619 602 2686 Nec
623 2643 691 2686 non
712 2626 787 2686 sunt
809 2620 906 2685 huius
929 2621 986 2684 illa
1008 2619 1047 2685 de
1069 2620 1225 2685 vocabulo
1244 2621 1368 2685 πλειών

195 2751 226 2812 p.
250 2727 330 2815 355,
352 2729 410 2813 32,
437 2731 474 2791 ut
502 2731 634 2811 apparet
662 2750 701 2792 ex
728 2727 797 2791 eius
824 2725 947 2791 scholio
975 2727 1015 2791 ad
1036 2749 1065 2790 1.
1085 2726 1150 2790 383
1175 2724 1227 2813 (cf.
1250 2749 1280 2811 p.
1300 2722 1366 2810 88).

196 2832 358 2910 Quaedam
379 2832 456 2898 hinc
478 2832 571 2918 plura
593 2833 794 2899 conservavit
817 2836 929 2897 auctor
947 2831 1054 2915 Etym.
1074 2831 1158 2897 Flor.
1177 2855 1207 2916 p.
1229 2831 1302 2896 241.
1324 2868 1368 2877 —-

195 2938 248 3004 Ad
275 2939 431 3024 proxima,
455 2961 535 3023 quae
561 2959 647 3003 nune
675 2938 905 3023 desiderantur,
926 2937 1003 3003 licet
1025 2936 1065 3002 ad
1087 2959 1115 3001 1.
1140 2936 1204 3001 618
1229 2935 1268 3001 de
1290 2958 1368 3001 1000

196 3044 427 3130 δυσπέμφελος
450 3045 603 3110 advocare
624 3044 733 3129 Etym.
754 3043 861 3130 Magn.
880 3068 912 3129 p.
936 3045 1015 3129 292,
1038 3043 1090 3109 36.
1135 3043 1256 3108 Errant
1274 3043 1368 3127 enim,

161 3226 164 3231 p
196 3152 253 3236 qui
283 3152 362 3217 haec
393 3173 432 3216 ex
463 3151 593 3217 scholiis
620 3150 801 3217 Homericis
829 3151 990 3234 exscripta
1018 3171 1088 3216 esse
1115 3150 1256 3215 doceant.
1301 3147 1368 3215 Ubi

196 3258 237 3322 ad
259 3263 295 3322 Π
313 3258 376 3322 148
409 3254 493 3344 (coll.
521 3257 614 3322 Hust.
643 3258 684 3322 ad
710 3256 747 3322 Il.
776 3281 807 3342 p.
834 3257 934 3343 1084,
951 3254 1009 3343 39)
1038 3279 1075 3322 00
1101 3256 1173 3341 ipsa
1195 3255 1367 3341 explicatio

196 3364 407 3448 desideratur,
439 3386 535 3447 quarn
562 3362 825 3448 Etymologicum
851 3362 963 3448 habet,
991 3384 1064 3427 cum
1090 3362 1231 3446 reliquae
1259 3361 1367 3427 absint

196 3469 237 3535 ab
260 3469 496 3554 Etymologieo.
547 3466 697 3533 Ceterum
720 3470 817 3534 etiam
839 3467 890 3533 Ps.
910 3467 1051 3534 Zonaras
1074 3466 1368 3556 0519000161-

197 3573 311 3662 φελος)
343 3574 452 3639 eadem
483 3576 691 3640 conservavit.
747 3573 870 3640 Simiiis
899 3597 950 3640 100
980 3579 1029 3640 001
1059 3575 1094 3639 in
1120 3574 1228 3659 Etym.
1259 3574 1366 3660 Magn.

195 3702 226 3763 p.
242 3679 294 3763 20,
308 3680 360 3763 28,
378 3678 436 3743 ubi
449 3678 578 3745 Veteris
595 3680 696 3746 habes
716 3680 875 3746 sabolium
893 3679 933 3745 ad
950 3703 979 3745 1.
994 3678 1068 3745 625.
1088 3717 1130 3726 -
1148 3678 1253 3744 Vetus
1269 3700 1366 3764 porro

195 3785 354 3871 loquitur,
381 3784 438 3849 ubi
464 3807 550 3850 nunc
577 3787 668 3852 audis
703 3785 854 3852 Pmclum
876 3808 906 3870 p.
926 3784 990 3849 359
996 3787 1043 3869 ,9
1074 3788 1107 3848 01
1139 3784 1219 3870 361,
1237 3786 1280 3851 28
1314 3782 1367 3871 (cf.

197 3913 294 3976 supra
307 3914 338 3976 p.
354 3888 419 3978 72).
465 3890 618 3957 Addenda
641 3898 717 3957 sunt
739 3890 948 3978 grammatica
970 3882 1176 3974 Mos'chopuli
1190 3913 1220 3974 p.
1235 3889 1310 3976 362,
1326 3890 1368 3953 14

197 4003 238 4080 01,
257 3997 375 4082 quibus
395 3998 436 4061 ad
448 3995 684 4063 Alexandrinos
702 3997 857 4083 ducimur,
870 4020 901 4081 p.
916 3996 991 4081 363,
1007 3995 1057 4061 15.
1102 3996 1224 4076 Eadem
1241 3997 1366 4061 ratione

197 4128 216 4169 a
237 4103 351 4169 Proclo
375 4104 593 4170 abiudicamus
617 4104 774 4170 scholium
797 4103 836 4168 ad
858 4125 887 4168 1.
907 4103 972 4168 640
994 4125 1024 4187 p.
1044 4103 1118 4190 364,
1137 4103 1167 4168 3.
1193 4140 1231 4150 -
1256 4102 1367 4167 Etiam

197 4211 237 4275 ad
259 4234 287 4276 1.
307 4211 372 4276 649
395 4210 499 4276 Vetus
521 4210 599 4275 facit
621 4210 719 4276 verba
742 4210 780 4275 de
803 4210 896 4295 signo
920 4209 1059 4293 quodam
1076 4208 1367 4275 Alexandrinorum

196 4339 227 4402 p.
241 4316 317 4404 361,
332 4316 462 4383 13-15
477 4315 519 4403 (1.
534 4340 631 4403 supra
644 4341 674 4402 p.
691 4316 763 4404 73):
781 4316 843 4381 hoc
857 4338 985 4402 quoquc
997 4338 1083 4382 nunc
1101 4317 1186 4381 inter
1198 4315 1367 4382 Ptocliana

197 4422 363 4508 delapsum
381 4428 438 4490 est.
469 4423 656 4491 Proximum
672 4423 831 4490 scholium
843 4422 973 4489 Veteris
988 4424 1118 4509 quidem
1134 4428 1212 4488 nota
1231 4427 1367 4489 0010011-
