3390 5178
322 360 389 426 222
573 358 615 411 De
634 355 756 427 Operum
773 355 899 410 versibus
919 356 955 410 ab
976 355 1099 424 antiquis
1117 355 1249 411 laudatis.

323 547 353 608 p.
373 522 470 589 466d
493 519 523 609 (Ι
546 543 576 605 p.
595 520 659 585 537
676 518 786 609 Diud.)
809 520 966 605 laudarit,
994 520 1200 585 consentiunt
1222 518 1295 585 curn
1318 518 1412 585 libris
1434 520 1498 586 He

324 630 441 695 siodeis
467 626 569 713 AOD3
600 628 635 693 in
667 649 761 692 versu
794 627 858 692 704
874 626 1032 692 Stobaeus
1065 628 1099 710 (l.
1117 626 1154 712 l.3
1185 627 1264 691 item
1291 625 1498 716 Apostolius)

321 736 449 822 legebat
477 738 700 821 δειπνολόχου
728 739 841 800 contra
869 757 978 799 omnes
1001 732 1104 822 (AOD
1119 731 1230 820 Mese.)
1253 733 1355 798 libros
1387 733 1499 799 Hesio·

323 844 412 930 deos,
438 844 529 907 cuius
557 842 705 907 lectionis
733 842 841 906 variae
863 840 1156 906 Alexandrinorum
1181 841 1301 905 mansit
1323 841 1498 927 vestigium

323 971 450 1034 quoque
480 950 516 1014 in
544 950 695 1014 lemmate
723 948 865 1013 Zonarae
898 971 928 1032 p
952 948 1017 1013 479
1046 945 1079 1035 (1
1106 946 1377 1035 Ohoerobosco‘l).
1424 945 1499 1013 Alia

322 1057 410 1121 11111
441 1055 537 1121 lectio
564 1056 649 1120 inest
677 1056 712 1119 in
739 1077 833 1120 versu
864 1054 942 1143 705,
971 1054 1028 1119 ubi
1055 1053 1248 1119 Plutarchus
1277 1059 1309 1119 et
1338 1050 1496 1120 Stohaeus

321 1164 484 1250 legebant:
508 1165 577 1229 εᾶει
600 1165 676 1249 ἄτερ
701 1163 806 1227 dated
829 1161 883 1228 καὶ
907 1161 944 1227 ἐν
968 1162 1045 1249 ὠμῷ
1065 1164 1166 1248 γήραι·
1183 1168 1275 1245 θῆκε.
1306 1161 1498 1228 Plutarchus

322 1271 409 1355 quod
432 1270 602 1337 dissentire
624 1269 751 1334 videtur
775 1269 876 1333 altero
900 1268 970 1333 1111
976 1323 985 1356 ,
1012 1269 1059 1333 ibi
1082 1268 1180 1333 verba
1203 1266 1337 1333 Hesiodi
1362 1270 1428 1333 suis
1451 1268 1498 1333 in-

322 1377 452 1441 miscuit
483 1400 587 1463 neque
620 1380 669 1441 est
700 1377 748 1441 ibi
782 1397 891 1441 versus
923 1376 1086 1462 legendus.
1133 1374 1309 1440 Stobaeum
1340 1397 1416 1441 vero
1451 1377 1498 1441 ito

322 1484 452 1571 legisse,
478 1506 545 1548 non
568 1483 644 1550 αᾶει
672 1486 749 1569 ἄτερ
778 1486 897 1549 δαλοῖο
920 1482 975 1549 καὶ
1000 1483 1036 1549 ἐν
1060 1483 1136 1571 ὠμῷ
1161 1484 1263 1568 γήραι·
1283 1489 1384 1567 θῆκε,
1413 1484 1498 1567 quod

322 1591 358 1654 in
386 1591 578 1675 quibusdam
606 1591 674 1654 eius
702 1590 794 1654 libris
823 1589 999 1677 invenitur,
1029 1590 1267 1655 demonstratur
1294 1611 1367 1653 oum
1395 1594 1497 1654 metro

322 1701 393 1762 tum
421 1697 607 1782 apographo
635 1696 809 1782 Apostolii.
856 1694 977 1761 Contra
1004 1697 1072 1762 εᾶει
1101 1698 1177 1782 ἄτερ
1207 1699 1311 1762 δαλοῦ
1339 1694 1394 1761 καὶ
1422 1697 1497 1784 cipp*

322 1807 424 1890 γήραι·
449 1805 535 1870 δῶκε
562 1804 715 1869 exhibent
743 1826 815 1868 cum
839 1802 895 1868 OD
910 1803 1005 1868 Mess.
1034 1806 1119 1868 certe
1148 1803 1245 1867 etiam
1268 1802 1312 1888 A,
1339 1803 1396 1867 ubi
1422 1808 1498 1888 post

321 1911 415 2000 ᾧῂιῷ
438 1915 488 1976 est
510 1911 639 1997 loeuna3
661 1935 736 1976 nam
760 1911 888 1976 etiamsi
912 1912 1001 1975 adest
1025 1910 1062 1976 ἐν
1081 1914 1154 1975 ante
1173 1911 1259 1999 epp,
1282 1933 1348 1975 non
1366 1932 1498 1995 possum

322 2039 382 2104 ego
410 2041 483 2084 curn
505 2018 646 2083 Rzeohio
671 2016 835 2106 („Wiener
859 2016 1061 2083 Studien“X
1084 2042 1113 2102 p.
1133 2016 1214 2104 271)
1242 2018 1368 2082 credere
1396 2019 1430 2082 in
1451 2017 1497 2081 la-

323 2149 404 2191 cuna
426 2126 528 2191 fuisse
552 2128 653 2211 γήραι·
673 2132 766 2209 θῆκε.
807 2125 844 2191 ἐν
865 2147 933 2189 non
956 2129 1005 2189 est
1029 2125 1161 2189 alterius
1184 2124 1378 2189 recensionis
1402 2124 1498 2189 resti-

323 2233 421 2318 gium,
446 2232 501 2296 sed
524 2232 668 2297 additum
692 2255 710 2296 1
732 2233 876 2317 librario,
900 2232 956 2317 qui
979 2236 1082 2297 metro
1101 2253 1213 2296 versus
1232 2230 1357 2316 vulgati
1376 2231 1497 2295 mederi

323 2339 455 2403 studuit.
492 2337 581 2402 ldem
604 2336 659 2403 111
684 2339 720 2404 ἐν
743 2339 820 2427 ὠμῷ
844 2341 946 2425 γήραι·
962 2341 1047 2405 δῶκε
1065 2338 1246 2403 invenimus
1265 2339 1299 2402 in
1318 2338 1403 2403 libro
1417 2338 1498 2403 Vos-

323 2447 414 2511 siano
448 2444 596 2531 Hesiodi,
636 2467 700 2530 quo
732 2445 804 2511 loco
832 2445 992 2511 Rzaehius
1025 2469 1097 2510 cum
1129 2447 1199 2530 ipse
1230 2469 1342 2511 rerum
1373 2446 1498 2530 viderit,

322 2554 429 2617 neseio
454 2575 510 2617 eur
534 2554 727 2617 sententiam
745 2575 854 2618 reram
871 2554 1007 2641 miserit,
1030 2575 1103 2617 curn
1122 2553 1161 2617 de
1179 2553 1316 2617 lectione
1335 2551 1498 2617 codicish

321 2660 475 2724 iudicium
510 2660 617 2725 ferret.
646 2699 688 2707 —
716 2659 755 2723 V.
781 2660 844 2723 706
881 2659 1029 2725 adhibuit
1057 2659 1147 2726 Stob.
1180 2660 1215 2723 in
1242 2659 1310 2725 Hel.
1338 2660 1429 2744 phys.
1465 2664 1498 2724 et

322 2768 415 2832 ethio.
434 2765 529 2853 13,3
549 2765 580 2855 (Ι
598 2790 629 2851 p.
643 2767 688 2831 54
700 2765 886 2855 Wachsm.),
906 2790 936 2832 1.
954 2767 1016 2832 707
1030 2765 1115 2830 Plut.
1135 2766 1173 2830 de
1191 2765 1265 2830 frat.
1285 2787 1344 2831 am
1363 2790 1393 2851 p.
1408 2766 1498 2831 4911

322 2870 386 2961 (ΙΠ
410 2897 439 2958 p.
459 2874 524 2938 273
539 2871 604 2960 B.);
633 2874 668 2937 in
696 2873 806 2938 eodem
834 2895 906 2937 cum
934 2872 1148 2938 deterioribus
1177 2872 1270 2937 libris
1295 2872 1394 2938 hebet
1417 2875 1498 2958 μήτε

321 2980 513 3064 Apostolius
532 2979 588 3065 XI,
607 2982 675 3045 341
697 2977 754 3067 (--
774 2979 904 3045 Arsenii
922 2979 1056 3068 XXXV,
1076 2981 1117 3046 57
1133 2979 1275 3044 Paroem.
1298 2978 1368 3066 gn).

410 3085 438 3151 E
471 3086 602 3151 scholiis
630 3084 848 3151 Choerobosei
879 3088 935 3171 qui
965 3088 1134 3172 exscripsit
1165 3087 1272 3152 omnia
1301 3109 1358 3151 sua
1386 3090 1498 3151 auctor

323 3193 433 3277 Etym.
453 3190 602 3278 (ludioni,
626 3193 720 3257 affert
744 3193 823 3257 satis
847 3193 967 3258 multas
992 3195 1195 3279 sequentium
1213 3217 1365 3259 versuum
1383 3194 1497 3258 disere·

322 3301 463 3385 pontias,
492 3321 627 3383 quarum
656 3304 765 3364 tamen
787 3299 877 3364 nulla
900 3299 1049 3366 lectionis
1073 3301 1161 3366 varia
1184 3304 1234 3365 est
1256 3301 1368 3365 instar.
1415 3300 1498 3365 Sunt

322 3407 407 3470 enim
430 3410 481 3471 tot
503 3405 676 3471 manifesta
698 3407 813 3471 menda
836 3411 933 3491 atque
956 3410 1165 3496 corruptelae,
1187 3412 1225 3473 ut
1248 3431 1287 3472 11
1310 3408 1376 3473 illis
1397 3430 1495 3472 unum

321 3512 402 3577 illud
415 3514 510 3577 nobis
525 3513 621 3579 liceat
634 3514 824 3601 perspicere,
838 3515 969 3599 quantis
984 3516 1147 3580 erroribus
1161 3516 1327 3601 potuerint
1339 3503 1498 3601 implio'ari

321 3618 379 3704 illi,
403 3620 459 3704 qui
481 3642 548 3685 non
570 3643 609 3684 ex
628 3621 762 3686 Hesiodi
785 3626 942 3709 poemate,
964 3622 1019 3686 sed
1042 3645 1081 3687 11
1103 3623 1339 3687 commentariis
1359 3622 1497 3687 aliorum

321 3727 418 3791 verba
447 3735 560 3811 poetae
589 3728 835 3811 exscripserunt.
861 3766 902 3775 —
931 3727 971 3792 7.
992 3729 1055 3793 716
1083 3729 1227 3794 laudavit
1256 3729 1429 3793 scholiasta
1457 3728 1498 3791 ad

319 3832 411 3898 Pind.
425 3833 460 3900 P.
475 3833 533 3923 IV,
546 3835 620 3921 507,
645 3857 740 3920 quem
764 3835 804 3899 ad
827 3857 956 3899 versum
979 3839 1048 3900 erat
1065 3838 1103 3902 τὸ
1119 3841 1156 3922 X,
1180 3837 1231 3901 ὅτι
1250 3835 1285 3901 ἐκ
1303 3848 1371 3901 τῶν
1386 3834 1497 3900 Ἡσιό-

320 3943 383 4006 dov
397 3940 539 4028 Ἔργων
555 3947 704 4026 εἴληπται
726 3993 822 4007 .....
835 3962 841 3975 ·
870 3939 954 4027 μηδὲ
974 3954 1086 4008 κακῶν
1110 3944 1238 4031 ἕταρον,
1255 3937 1343 4028 ’μήδ’
1366 3942 1498 4008 ἐσθλῶν

320 4058 507 4134 νεικητῆρα.
546 4047 693 4134 [Hesiodi
711 4049 801 4113 libri:
821 4047 846 4114 O
866 4048 995 4135 ἕταρον,
1013 4048 1043 4113 D
1064 4055 1175 4115 eontra
1192 4054 1332 4115 metrum
1351 4049 1498 4135 ἕταιρονς

320 4153 444 4218 idemD
460 4154 695 4242 νεικητῆρα;Ἀ
710 4155 822 4240 deest].
841 4154 890 4219 De
903 4155 1012 4241 priore
1024 4155 1229 4222 hemistichio
1241 4157 1278 4222 ef.
1291 4157 1388 4221 etiam
1399 4155 1497 4221 schol.

321 4265 354 4325 Ω
367 4262 409 4325 63
426 4259 651 4350 (V1,451M.);
669 4262 748 4326 facit
762 4284 835 4326 cum
849 4259 882 4326 0.
919 4261 958 4326 ln
977 4264 1040 4328 fine
1057 4286 1169 4329 versus
1189 4264 1275 4348 quod
1296 4263 1443 4329 Sittelius
1462 4262 1498 4326 in

320 4391 427 4453 appar.
456 4368 526 4433 crit.
555 4368 594 4432 ad
622 4391 649 4433 1.
678 4369 849 4453 proposuit
873 4372 1020 4455 νικητήρ,
1047 4392 1114 4435 non
1142 4372 1246 4436 solum
1269 4371 1359 4436 nullo
1383 4369 1499 4435 confir-

321 4478 429 4539 metur
452 4475 649 4561 testimonio,
673 4476 790 4540 sedne
814 4477 923 4541 sensui
946 4477 1073 4562 quidem
1097 4478 1269 4563 satisfacit3
1295 4482 1408 4543 contra
1431 4501 1500 4543 νει-
