3342 5168
695 1209 817 1297 Caput
835 1209 859 1276 I.

254 1379 357 1458 Quale
386 1381 421 1449 et
448 1381 609 1467 quantum
636 1379 797 1450 noverint
824 1395 959 1448 carmen
987 1377 1114 1467 „Opera
1142 1379 1302 1449 0011100ί

620 1503 755 1590 antiqui
781 1502 937 1572 lectores.
1038 1500 1041 1506 ’

764 1655 791 1718 1.

286 1774 444 1841 Carminis
475 1775 640 1861 Hesiodei,
677 1777 763 1861 quod
800 1777 988 1841 inscribitur
1010 1775 1115 1862 Ἔργα
1149 1776 1205 1842 καὶ
1236 1776 1364 1863 ἡμέραι,

198 1883 288 1948 brevi
320 1887 463 1967 tempore
494 1882 683 1947 habebimus
716 1883 988 1948 accuratissimam
1016 1883 1246 1969 recensionem,
1282 1904 1364 1966 quae

196 1989 340 2073 prodibit
363 1989 398 2053 in
420 1988 559 2053 editione
577 1987 759 2052 Rzachiana
782 1989 895 2054 altera:
919 1988 1021 2054 adhuc
1044 1990 1079 2053 in
1100 1990 1190 2054 nulla
1212 1990 1278 2054 fere
1301 1989 1364 2053 edi·

196 2097 283 2160 tione
310 2099 397 2160 00100
423 2094 485 2158 fide
512 2095 615 2159 omnis
646 2097 697 2159 est
725 2094 871 2159 adhibita
893 2097 1047 2160 memoria
1070 2097 1190 2179 scripta
1211 2094 1363 2159 Hesiodei

195 2202 353 2266 carminis.
400 2199 483 2264 Mihi
511 2205 618 2265 autem
645 2205 678 2265 00
705 2223 744 2264 ex
772 2201 1054 2267 dissertationibus
1075 2201 1254 2285 nonnullis,
1282 2221 1362 2283 quas

194 2313 270 2392 post
296 2308 437 2391 priorem
464 2306 636 2371 editionem
664 2330 756 2372 suam
782 2309 973 2393 conscripsit
995 2307 1168 2394 Rnachius,
1195 2311 1228 2371 et
1251 2328 1289 2370 ex
1311 2305 1363 2368 lit-

195 2415 288 2499 teris,
315 2435 395 2497 quas
419 2413 572 2478 benevole
594 2414 685 2479 misit
708 2414 747 2478 ad
770 2437 821 2479 me
843 2416 893 2478 vir
916 2414 1135 2500 doctissimus,
1157 2413 1303 2497 contigit,
1325 2415 1363 2475 ut

195 2519 233 2583 de
261 2519 320 2583 1100
348 2542 382 2583 10
409 2519 532 2604 possim
558 2521 695 2603 amplius
723 2520 887 2604 disputare
910 2525 942 2583 00
965 2523 1088 2584 certum
1110 2520 1145 2582 ni
1167 2519 1262 2582 fallor
1283 2517 1363 2581 iudi-

196 2626 280 2690 cium
303 2625 394 2689 ferre.
431 2623 540 2689 Liceat
562 2626 664 2710 igitur
686 2647 787 2710 pauca
807 2626 946 2709 praefari
964 2625 1002 2690 de
1020 2625 1199 2709 praecipuis
1218 2623 1363 2688 fontibus

196 2730 404 2813 recensionis,
431 2731 451 2793 i.
476 2752 500 2794 e.
529 2735 561 2795 et
588 2731 681 2795 libris
708 2731 948 2815 manuscriptis,
976 2732 1094 2816 quibus
1123 2731 1276 2794 memoria
1298 2750 1363 2793 001-

195 2836 293 2900 minis
321 2835 361 2899 ad
389 2836 472 2900 hanc
494 2840 633 2902 aetatem
654 2837 779 2921 perlata
802 2841 864 2921 est,
892 2842 924 2901 et
946 2837 1136 2922 fragmentis
1159 2856 1363 2921 papyromm,

196 2964 278 3025 quae
300 2941 446 3007 Fortuna
468 2944 610 3008 liberalis
633 2945 668 3008 in
690 2944 793 3008 ruinis
815 2942 959 3029 Aegypti
981 2943 1190 3008 conservavit.

285 3048 475 3114 Memoriam
494 3051 636 3114 omnium
654 3050 812 3115 librorum
829 3051 1121 3133 manuscriptorum
1139 3071 1177 3113 ex
1195 3069 1259 3112 uno
1273 3048 1363 3112 fonte

196 3153 328 3220 fluxisse
347 3158 555 3221 confirmatur
578 3177 650 3220 cum
670 3156 893 3221 communibus
912 3156 1084 3239 erroribus,
1102 3159 1173 3219 tum
1192 3155 1237 3218 eis
1255 3154 1364 3219 lectio-

195 3261 302 3347 nibus,
324 3263 359 3326 in
382 3263 500 3346 quibus
523 3265 635 3326 contra
658 3262 830 3345 scriptores
850 3263 1000 3346 antiquos
1019 3261 1177 3326 Hesiodea
1196 3261 1363 3324 afferentes

197 3369 384 3452 conspirant
403 3368 533 3432 codices.
569 3365 630 3432 Sed
649 3367 728 3432 satis
748 3368 973 3452 depravatam
992 3368 1183 3452 quibusdam
1200 3365 1363 3431 codicibus

196 3473 275 3539 haec
304 3478 354 3538 est
380 3475 534 3539 memoria
560 3495 664 3557 neque
691 3473 778 3537 ullus
804 3473 929 3538 rivulus
956 3497 1071 3558 puram
1098 3497 1138 3538 ex
1164 3474 1253 3537 fonte
1280 3493 1363 3535 com-

196 3580 288 3643 muni
311 3579 350 3643 ad
372 3601 432 3644 1100
455 3580 614 3664 perduxit.
657 3577 821 3664 Optimam
844 3580 900 3664 qui
923 3579 1075 3644 exhibent
1098 3580 1160 3644 duo
1185 3582 1260 3642 sunt
1278 3576 1364 3663 libri,

196 3683 362 3748 Parisinus
372 3685 457 3749 2771
474 3684 567 3773 (saec.
577 3684 688 3774 XJXI)
703 3690 735 3751 et
744 3685 979 3751 Laurentianus
992 3684 1108 3750 XXXI.
1119 3687 1161 3751 39
1172 3682 1266 3771 (saec.
1276 3681 1362 3769 XH).

285 3788 503 3855 Parisinum
520 3814 613 3856 nemo
633 3793 735 3857 adhuc
754 3793 914 3856 editorum
931 3813 990 3874 pro
1010 3792 1167 3877 dignitate
1186 3791 1363 3854 010000111-

197 3892 331 3982 pauit¹):
364 3895 432 3979 ipse
459 3896 617 3962 Rnachius
650 3899 776 3962 demum
803 3900 879 3981 post
902 3898 1046 4015 priorem
1073 3897 1245 3961 editionem
1273 3917 1364 3959 suam

287 4092 313 4159 1)
335 4087 445 4142 Primus
473 4089 590 4158 Zalycus
621 4089 652 4143 in
678 4107 760 4143 usum
788 4087 953 4157 Gaisfordii3
986 4088 1030 4142 vir
1056 4088 1172 4157 qnidam
1199 4089 1298 4143 doctus
1326 4087 1364 4141 ad

197 4177 414 4231 Loesnerianam
433 4176 586 4232 editionem
600 4177 741 4248 Lennepio
760 4178 791 4230 in
804 4195 894 4247 usum,
913 4178 974 4248 ipse
988 4177 1154 4246 Loesnerus3
1173 4177 1207 4232 H.
1222 4176 1363 4246 1100111110,

197 4265 247 4333 qui
261 4265 386 4320 codicem
400 4266 616 4336 „perlustravit“
631 4266 668 4321 ad
682 4266 924 4337 Goettlingianam
942 4266 1094 4321 editionem
1112 4265 1234 4321 tertiam.
1262 4265 1324 4319 Par.
1341 4265 1363 4330 Q

198 4356 241 4408 000
268 4355 423 4425 1101111ορ00,
452 4357 474 4420 Q
497 4355 641 4425 Koechlyo
665 4357 694 4409 et
716 4355 860 4425 Kinkelio,
884 4355 970 4424 quie
993 4356 1174 4426 Lennepiana
1197 4353 1364 4409 varietatem

197 4443 327 4498 lectionis
346 4444 558 4515 exscripserunt,
577 4445 639 4501 Par.
659 4444 782 4500 Flaehio.
818 4444 941 4498 Rnachio
960 4445 990 4498 in
1009 4445 1133 4499 editione
1150 4442 1243 4512 priore
1261 4442 1317 4496 fuit
1330 4442 1362 4495 A.

250 4542 463 4596 Dumitrijevm
478 4545 555 4585 studia
568 4544 691 4586 Hesiodea.
856 4547 859 4552 '
1136 4538 1149 4585 1
