<?xml version="1.0" encoding="UTF-8"?>
<!DOCTYPE html PUBLIC "-//W3C//DTD XHTML 1.0 Transitional//EN"
    "http://www.w3.org/TR/xhtml1/DTD/xhtml1-transitional.dtd">
<html xmlns="http://www.w3.org/1999/xhtml" xml:lang="en" lang="en">
 <head>
  <title>
</title>
<meta http-equiv="Content-Type" content="text/html;charset=utf-8" />
  <meta name='ocr-system' content='tesseract 3.04.00' />
  <meta name='ocr-capabilities' content='ocr_page ocr_carea ocr_par ocr_line ocrx_word'/>
</head>
<body>
  <div class='ocr_page' id='page_1' title='image "./studiahesiodeas01dimigoog_0043.png"; bbox 0 0 3342 5168; ppageno 0'>
   <div class='ocr_carea' id='block_1_1' title="bbox 281 346 1122 418">
    <p class='ocr_par' dir='ltr' id='par_1_1' title="bbox 281 346 1122 418">
     <span class='ocr_line' id='line_1_1' title="bbox 281 346 1122 418; baseline 0 -16"><span class='ocrx_word' id='word_1_1' title='bbox 281 351 325 415; x_wconf 77' lang='lat'><strong>24</strong></span> <span class='ocrx_word' id='word_1_2' title='bbox 609 348 651 403; x_wconf 90' lang='lat' dir='ltr'><strong>De</strong></span> <span class='ocrx_word' id='word_1_3' title='bbox 669 347 762 404; x_wconf 87' lang='lat' dir='ltr'><strong>Procli</strong></span> <span class='ocrx_word' id='word_1_4' title='bbox 779 346 889 402; x_wconf 86' lang='lat' dir='ltr'><strong>ratione</strong></span> <span class='ocrx_word' id='word_1_5' title='bbox 907 346 1122 418; x_wconf 86' lang='lat' dir='ltr'><strong>interpretandi.</strong></span> 
     </span>
    </p>
   </div>
   <div class='ocr_carea' id='block_1_2' title="bbox 281 508 1465 4328">
    <p class='ocr_par' dir='ltr' id='par_1_2' title="bbox 281 508 1461 1961">
     <span class='ocr_line' id='line_1_2' title="bbox 284 508 1456 598; baseline -0.004 -17"><span class='ocrx_word' id='word_1_6' title='bbox 284 515 430 581; x_wconf 79' lang='grc' dir='ltr'><strong><em>κελεύων</em></strong></span> <span class='ocrx_word' id='word_1_7' title='bbox 462 513 673 598; x_wconf 80' lang='grc' dir='ltr'><em>εὐσχημόνως</em></span> <span class='ocrx_word' id='word_1_8' title='bbox 706 509 899 594; x_wconf 77' lang='grc' dir='ltr'><strong><em>ἐκπληροῦν.</em></strong></span> <span class='ocrx_word' id='word_1_9' title='bbox 950 508 1012 574; x_wconf 92' lang='lat' dir='ltr'><strong>Vel</strong></span> <span class='ocrx_word' id='word_1_10' title='bbox 1044 531 1126 594; x_wconf 87' lang='lat' dir='ltr'><strong>quae</strong></span> <span class='ocrx_word' id='word_1_11' title='bbox 1157 509 1235 574; x_wconf 85' lang='lat' dir='ltr'><strong>dicit</strong></span> <span class='ocrx_word' id='word_1_12' title='bbox 1266 509 1307 575; x_wconf 88' lang='lat' dir='ltr'><strong>ad</strong></span> <span class='ocrx_word' id='word_1_13' title='bbox 1337 532 1365 574; x_wconf 85' lang='lat' dir='ltr'><strong>v.</strong></span> <span class='ocrx_word' id='word_1_14' title='bbox 1391 511 1456 582; x_wconf 84' lang='grc'><strong>794</strong></span> 
     </span>
     <span class='ocr_line' id='line_1_3' title="bbox 281 615 1457 708; baseline -0.003 -22"><span class='ocrx_word' id='word_1_15' title='bbox 281 645 312 705; x_wconf 88' lang='lat' dir='ltr'><strong>p.</strong></span> <span class='ocrx_word' id='word_1_16' title='bbox 327 618 422 708; x_wconf 85' lang='lat'>403):</span> <span class='ocrx_word' id='word_1_17' title='bbox 441 629 573 686; x_wconf 84' lang='grc' dir='ltr'><strong><em>τοιοῦτο</em></strong></span> <span class='ocrx_word' id='word_1_18' title='bbox 592 615 655 685; x_wconf 84' lang='grc' dir='ltr'><strong>οὖν</strong></span> <span class='ocrx_word' id='word_1_19' title='bbox 674 615 729 684; x_wconf 79' lang='grc' dir='ltr'><strong>καί</strong></span> <span class='ocrx_word' id='word_1_20' title='bbox 747 617 785 683; x_wconf 85' lang='grc' dir='ltr'><strong>τὸ</strong></span> <span class='ocrx_word' id='word_1_21' title='bbox 805 615 992 686; x_wconf 75' lang='grc' dir='ltr'><strong><em>ἐπιτιθέναι</em></strong></span> <span class='ocrx_word' id='word_1_22' title='bbox 1010 625 1056 704; x_wconf 75' lang='grc' dir='ltr'><strong>τῷ</strong></span> <span class='ocrx_word' id='word_1_23' title='bbox 1073 625 1212 702; x_wconf 78' lang='grc' dir='ltr'><strong><em>κρατῆρι</em></strong></span> <span class='ocrx_word' id='word_1_24' title='bbox 1226 616 1287 699; x_wconf 78' lang='grc' dir='ltr'><strong>τὴν</strong></span> <span class='ocrx_word' id='word_1_25' title='bbox 1301 619 1457 701; x_wconf 74' lang='grc' dir='ltr'><strong><em>οἰνοχόην</em></strong></span> 
     </span>
     <span class='ocr_line' id='line_1_4' title="bbox 283 721 1456 813; baseline -0.002 -21"><span class='ocrx_word' id='word_1_26' title='bbox 283 728 526 813; x_wconf 86' lang='grc' dir='ltr'><strong><em>συμβολικὸν</em></strong></span> <span class='ocrx_word' id='word_1_27' title='bbox 557 725 771 808; x_wconf 77' lang='grc' dir='ltr'><strong><em>παίδευμα,</em></strong></span> <span class='ocrx_word' id='word_1_28' title='bbox 803 721 953 789; x_wconf 78' lang='grc' dir='ltr'><strong><em>τουτέστι</em></strong></span> <span class='ocrx_word' id='word_1_29' title='bbox 986 724 1030 807; x_wconf 81' lang='grc' dir='ltr'><strong>μὴ</strong></span> <span class='ocrx_word' id='word_1_30' title='bbox 1059 725 1248 809; x_wconf 80' lang='grc' dir='ltr'><strong><em>ἔμπροσθεν</em></strong></span> <span class='ocrx_word' id='word_1_31' title='bbox 1276 724 1370 805; x_wconf 80' lang='grc' dir='ltr'><strong><em>άγειν</em></strong></span> <span class='ocrx_word' id='word_1_32' title='bbox 1396 734 1456 790; x_wconf 84' lang='grc' dir='ltr'><strong>τοῦ</strong></span> 
     </span>
     <span class='ocr_line' id='line_1_5' title="bbox 281 828 1457 914; baseline -0.003 -15"><span class='ocrx_word' id='word_1_33' title='bbox 281 842 398 899; x_wconf 87' lang='grc' dir='ltr'><strong><em>κοινοῦ</em></strong></span> <span class='ocrx_word' id='word_1_34' title='bbox 430 833 468 897; x_wconf 91' lang='grc' dir='ltr'><strong>τὸ</strong></span> <span class='ocrx_word' id='word_1_35' title='bbox 501 833 598 897; x_wconf 87' lang='grc' dir='ltr'><strong><em>ίδιον.</em></strong></span> <span class='ocrx_word' id='word_1_36' title='bbox 644 829 685 894; x_wconf 92' lang='lat' dir='ltr'><strong>In</strong></span> <span class='ocrx_word' id='word_1_37' title='bbox 712 829 900 914; x_wconf 84' lang='lat' dir='ltr'><strong>explicanda</strong></span> <span class='ocrx_word' id='word_1_38' title='bbox 927 829 1065 894; x_wconf 89' lang='lat' dir='ltr'><strong>historia</strong></span> <span class='ocrx_word' id='word_1_39' title='bbox 1090 828 1230 893; x_wconf 85' lang='lat' dir='ltr'><strong>fabulari</strong></span> <span class='ocrx_word' id='word_1_40' title='bbox 1257 829 1356 894; x_wconf 87' lang='lat' dir='ltr'><strong>fuisse</strong></span> <span class='ocrx_word' id='word_1_41' title='bbox 1384 852 1457 895; x_wconf 90' lang='lat' dir='ltr'><strong>eum</strong></span> 
     </span>
     <span class='ocr_line' id='line_1_6' title="bbox 283 935 1457 1022; baseline -0.001 -18"><span class='ocrx_word' id='word_1_42' title='bbox 283 938 486 1004; x_wconf 86' lang='lat' dir='ltr'><strong>fusissimum</strong></span> <span class='ocrx_word' id='word_1_43' title='bbox 517 938 656 1002; x_wconf 87' lang='lat' dir='ltr'><strong>vidimus</strong></span> <span class='ocrx_word' id='word_1_44' title='bbox 689 940 721 1001; x_wconf 92' lang='lat' dir='ltr'><strong>et</strong></span> <span class='ocrx_word' id='word_1_45' title='bbox 754 957 852 1020; x_wconf 88' lang='lat' dir='ltr'><strong>supra</strong></span> <span class='ocrx_word' id='word_1_46' title='bbox 884 935 924 1000; x_wconf 88' lang='lat' dir='ltr'><strong>ad</strong></span> <span class='ocrx_word' id='word_1_47' title='bbox 953 959 982 1001; x_wconf 82' lang='lat' dir='ltr'><strong>v.</strong></span> <span class='ocrx_word' id='word_1_48' title='bbox 1011 936 1028 999; x_wconf 93' lang='lat'>1</span> <span class='ocrx_word' id='word_1_49' title='bbox 1062 957 1080 1000; x_wconf 94' lang='lat' dir='ltr'><strong>e</strong></span> <span class='ocrx_word' id='word_1_50' title='bbox 1108 935 1287 1000; x_wconf 83' lang='lat' dir='ltr'><strong>Tzetzianis</strong></span> <span class='ocrx_word' id='word_1_51' title='bbox 1314 935 1394 1022; x_wconf 80' lang='lat' dir='ltr'><strong>iltis,</strong></span> <span class='ocrx_word' id='word_1_52' title='bbox 1424 941 1457 1004; x_wconf 88' lang='lat' dir='ltr'><strong>et</strong></span> 
     </span>
     <span class='ocr_line' id='line_1_7' title="bbox 283 1040 1456 1131; baseline -0.002 -20"><span class='ocrx_word' id='word_1_53' title='bbox 283 1047 398 1111; x_wconf 88' lang='lat' dir='ltr'><strong>docent</strong></span> <span class='ocrx_word' id='word_1_54' title='bbox 430 1045 530 1131; x_wconf 91' lang='lat' dir='ltr'><strong>idem,</strong></span> <span class='ocrx_word' id='word_1_55' title='bbox 562 1065 644 1128; x_wconf 85' lang='lat' dir='ltr'><strong>quae</strong></span> <span class='ocrx_word' id='word_1_56' title='bbox 676 1043 838 1126; x_wconf 88' lang='lat' dir='ltr'><strong>adscripta</strong></span> <span class='ocrx_word' id='word_1_57' title='bbox 869 1045 945 1107; x_wconf 91' lang='lat' dir='ltr'><strong>sunt</strong></span> <span class='ocrx_word' id='word_1_58' title='bbox 978 1041 1018 1106; x_wconf 86' lang='lat' dir='ltr'><strong>ad</strong></span> <span class='ocrx_word' id='word_1_59' title='bbox 1045 1041 1226 1106; x_wconf 79' lang='lat' dir='ltr'><strong>Pandoram</strong></span> <span class='ocrx_word' id='word_1_60' title='bbox 1256 1046 1289 1107; x_wconf 91' lang='lat' dir='ltr'><strong>et</strong></span> <span class='ocrx_word' id='word_1_61' title='bbox 1315 1040 1456 1109; x_wconf 77' lang='lat' dir='ltr'><strong>Aetates.</strong></span> 
     </span>
     <span class='ocr_line' id='line_1_8' title="bbox 282 1147 1457 1236; baseline -0.002 -19"><span class='ocrx_word' id='word_1_62' title='bbox 282 1151 448 1217; x_wconf 89' lang='lat' dir='ltr'><strong>Historias</strong></span> <span class='ocrx_word' id='word_1_63' title='bbox 475 1174 555 1235; x_wconf 91' lang='lat' dir='ltr'><strong>quas</strong></span> <span class='ocrx_word' id='word_1_64' title='bbox 584 1150 695 1214; x_wconf 88' lang='lat' dir='ltr'><strong>dicunt</strong></span> <span class='ocrx_word' id='word_1_65' title='bbox 717 1147 902 1213; x_wconf 86' lang='lat' dir='ltr'><strong>illustrandi</strong></span> <span class='ocrx_word' id='word_1_66' title='bbox 925 1170 1020 1214; x_wconf 88' lang='lat' dir='ltr'><strong>causa</strong></span> <span class='ocrx_word' id='word_1_67' title='bbox 1041 1148 1134 1233; x_wconf 83' lang='lat' dir='ltr'><strong>larga</strong></span> <span class='ocrx_word' id='word_1_68' title='bbox 1155 1170 1253 1213; x_wconf 92' lang='lat' dir='ltr'><strong>manu</strong></span> <span class='ocrx_word' id='word_1_69' title='bbox 1275 1149 1457 1236; x_wconf 67' lang='lat' dir='ltr'><strong>profundit,</strong></span> 
     </span>
     <span class='ocr_line' id='line_1_9' title="bbox 284 1254 1459 1342; baseline -0.002 -19"><span class='ocrx_word' id='word_1_70' title='bbox 284 1258 432 1324; x_wconf 83' lang='lat' dir='ltr'><strong>conferas</strong></span> <span class='ocrx_word' id='word_1_71' title='bbox 456 1257 578 1322; x_wconf 90' lang='lat' dir='ltr'><strong>scholia</strong></span> <span class='ocrx_word' id='word_1_72' title='bbox 601 1256 762 1340; x_wconf 86' lang='lat' dir='ltr'><strong>adscripta</strong></span> <span class='ocrx_word' id='word_1_73' title='bbox 785 1255 825 1320; x_wconf 88' lang='lat' dir='ltr'><strong>ad</strong></span> <span class='ocrx_word' id='word_1_74' title='bbox 847 1278 897 1321; x_wconf 74' lang='lat' dir='ltr'><strong>vv.</strong></span> <span class='ocrx_word' id='word_1_75' title='bbox 917 1254 991 1339; x_wconf 84' lang='lat'><strong>346,</strong></span> <span class='ocrx_word' id='word_1_76' title='bbox 1010 1254 1086 1340; x_wconf 83' lang='lat'><strong>348,</strong></span> <span class='ocrx_word' id='word_1_77' title='bbox 1105 1255 1179 1340; x_wconf 86' lang='grc'>706,</span> <span class='ocrx_word' id='word_1_78' title='bbox 1198 1255 1272 1341; x_wconf 95' lang='grc'>707,</span> <span class='ocrx_word' id='word_1_79' title='bbox 1292 1256 1365 1340; x_wconf 85' lang='grc'>719,</span> <span class='ocrx_word' id='word_1_80' title='bbox 1385 1257 1459 1342; x_wconf 89' lang='grc'>722,</span> 
     </span>
     <span class='ocr_line' id='line_1_10' title="bbox 285 1360 1459 1450; baseline -0.003 -21"><span class='ocrx_word' id='word_1_81' title='bbox 285 1365 360 1450; x_wconf 90' lang='grc'>760,</span> <span class='ocrx_word' id='word_1_82' title='bbox 383 1364 472 1428; x_wconf 90' lang='lat' dir='ltr'><strong>alios.</strong></span> <span class='ocrx_word' id='word_1_83' title='bbox 511 1361 703 1447; x_wconf 78' lang='lat' dir='ltr'>Saepissime</span> <span class='ocrx_word' id='word_1_84' title='bbox 725 1361 964 1446; x_wconf 89' lang='lat' dir='ltr'><strong>philosophicas</strong></span> <span class='ocrx_word' id='word_1_85' title='bbox 987 1362 1130 1426; x_wconf 89' lang='lat' dir='ltr'><strong>rationes</strong></span> <span class='ocrx_word' id='word_1_86' title='bbox 1152 1383 1247 1426; x_wconf 84' lang='lat' dir='ltr'><strong>senae</strong></span> <span class='ocrx_word' id='word_1_87' title='bbox 1269 1360 1459 1446; x_wconf 86' lang='lat' dir='ltr'><strong>interpreta-</strong></span> 
     </span>
     <span class='ocr_line' id='line_1_11' title="bbox 285 1467 1459 1556; baseline -0.001 -22"><span class='ocrx_word' id='word_1_88' title='bbox 285 1471 371 1535; x_wconf 90' lang='lat' dir='ltr'><strong>tioni</strong></span> <span class='ocrx_word' id='word_1_89' title='bbox 394 1471 592 1556; x_wconf 76' lang='lat' dir='ltr'><strong>anteposuit,</strong></span> <span class='ocrx_word' id='word_1_90' title='bbox 614 1470 705 1534; x_wconf 89' lang='lat' dir='ltr'><strong>cuius</strong></span> <span class='ocrx_word' id='word_1_91' title='bbox 727 1468 774 1533; x_wconf 93' lang='lat' dir='ltr'><strong>rei</strong></span> <span class='ocrx_word' id='word_1_92' title='bbox 797 1467 1089 1533; x_wconf 86' lang='lat' dir='ltr'><strong>luculentissimum</strong></span> <span class='ocrx_word' id='word_1_93' title='bbox 1111 1468 1292 1552; x_wconf 86' lang='lat' dir='ltr'><strong>exemplum</strong></span> <span class='ocrx_word' id='word_1_94' title='bbox 1314 1468 1459 1535; x_wconf 84' lang='lat' dir='ltr'><strong>invenias</strong></span> 
     </span>
     <span class='ocr_line' id='line_1_12' title="bbox 287 1573 1459 1668; baseline -0.001 -27"><span class='ocrx_word' id='word_1_95' title='bbox 287 1578 322 1641; x_wconf 90' lang='lat' dir='ltr'><strong>in</strong></span> <span class='ocrx_word' id='word_1_96' title='bbox 349 1576 515 1642; x_wconf 87' lang='lat' dir='ltr'><strong>Pandorae</strong></span> <span class='ocrx_word' id='word_1_97' title='bbox 541 1576 652 1640; x_wconf 87' lang='lat' dir='ltr'><strong>fabula</strong></span> <span class='ocrx_word' id='word_1_98' title='bbox 679 1598 698 1640; x_wconf 91' lang='lat' dir='ltr'><strong>a</strong></span> <span class='ocrx_word' id='word_1_99' title='bbox 724 1574 839 1639; x_wconf 89' lang='lat' dir='ltr'><strong>Proclo</strong></span> <span class='ocrx_word' id='word_1_100' title='bbox 868 1574 1035 1659; x_wconf 86' lang='lat' dir='ltr'><strong>explicata.</strong></span> <span class='ocrx_word' id='word_1_101' title='bbox 1081 1573 1250 1668; x_wconf 89' lang='lat' dir='ltr'><strong>Platonem</strong></span> <span class='ocrx_word' id='word_1_102' title='bbox 1276 1575 1459 1659; x_wconf 90' lang='lat' dir='ltr'><strong>saepissime</strong></span> 
     </span>
     <span class='ocr_line' id='line_1_13' title="bbox 287 1680 1459 1770; baseline -0.002 -22"><span class='ocrx_word' id='word_1_103' title='bbox 287 1680 466 1770; x_wconf 76' lang='lat' dir='ltr'><strong>adhibet1),</strong></span> <span class='ocrx_word' id='word_1_104' title='bbox 498 1683 568 1747; x_wconf 90' lang='lat' dir='ltr'><strong>sine</strong></span> <span class='ocrx_word' id='word_1_105' title='bbox 590 1682 689 1747; x_wconf 88' lang='lat' dir='ltr'><strong>dubio</strong></span> <span class='ocrx_word' id='word_1_106' title='bbox 713 1681 791 1746; x_wconf 87' lang='lat' dir='ltr'><strong>olim</strong></span> <span class='ocrx_word' id='word_1_107' title='bbox 815 1680 943 1765; x_wconf 88' lang='lat' dir='ltr'><strong>saepius</strong></span> <span class='ocrx_word' id='word_1_108' title='bbox 967 1680 1065 1744; x_wconf 88' lang='lat' dir='ltr'><strong>etiam</strong></span> <span class='ocrx_word' id='word_1_109' title='bbox 1093 1703 1190 1765; x_wconf 90' lang='lat' dir='ltr'><strong>quam</strong></span> <span class='ocrx_word' id='word_1_110' title='bbox 1217 1680 1251 1745; x_wconf 91' lang='lat' dir='ltr'><strong>id</strong></span> <span class='ocrx_word' id='word_1_111' title='bbox 1277 1682 1315 1746; x_wconf 87' lang='lat' dir='ltr'><strong>fit</strong></span> <span class='ocrx_word' id='word_1_112' title='bbox 1342 1682 1377 1746; x_wconf 92' lang='lat' dir='ltr'><strong>in</strong></span> <span class='ocrx_word' id='word_1_113' title='bbox 1403 1681 1459 1767; x_wconf 90' lang='lat' dir='ltr'><strong>eis,</strong></span> 
     </span>
     <span class='ocr_line' id='line_1_14' title="bbox 286 1786 1461 1874; baseline -0.001 -20"><span class='ocrx_word' id='word_1_114' title='bbox 286 1812 369 1874; x_wconf 91' lang='lat' dir='ltr'><strong>quae</strong></span> <span class='ocrx_word' id='word_1_115' title='bbox 401 1793 539 1854; x_wconf 90' lang='lat' dir='ltr'><strong>aetatem</strong></span> <span class='ocrx_word' id='word_1_116' title='bbox 572 1789 730 1854; x_wconf 86' lang='lat' dir='ltr'><strong>tulerunt:</strong></span> <span class='ocrx_word' id='word_1_117' title='bbox 762 1787 917 1852; x_wconf 87' lang='lat' dir='ltr'><strong>nimirum</strong></span> <span class='ocrx_word' id='word_1_118' title='bbox 948 1786 1028 1852; x_wconf 88' lang='lat' dir='ltr'><strong>talia</strong></span> <span class='ocrx_word' id='word_1_119' title='bbox 1057 1787 1184 1852; x_wconf 76' lang='lat' dir='ltr'><strong>facilius</strong></span> <span class='ocrx_word' id='word_1_120' title='bbox 1211 1809 1309 1872; x_wconf 89' lang='lat' dir='ltr'><strong>quam</strong></span> <span class='ocrx_word' id='word_1_121' title='bbox 1336 1788 1461 1873; x_wconf 87' lang='lat' dir='ltr'><strong>reliqua</strong></span> 
     </span>
     <span class='ocr_line' id='line_1_15' title="bbox 285 1896 486 1961; baseline 0 -1"><span class='ocrx_word' id='word_1_122' title='bbox 285 1896 486 1961; x_wconf 88' lang='lat' dir='ltr'><strong>interierunt.</strong></span> 
     </span>
    </p>

    <p class='ocr_par' dir='ltr' id='par_1_3' title="bbox 287 2000 1465 4328">
     <span class='ocr_line' id='line_1_16' title="bbox 374 2000 1459 2088; baseline 0.002 -22"><span class='ocrx_word' id='word_1_123' title='bbox 374 2002 529 2066; x_wconf 73' lang='lat' dir='ltr'><strong>Potuitne</strong></span> <span class='ocrx_word' id='word_1_124' title='bbox 560 2000 636 2066; x_wconf 91' lang='lat' dir='ltr'><strong>talis</strong></span> <span class='ocrx_word' id='word_1_125' title='bbox 667 2001 825 2084; x_wconf 80' lang='lat' dir='ltr'><strong>interpres</strong></span> <span class='ocrx_word' id='word_1_126' title='bbox 852 2000 891 2065; x_wconf 90' lang='lat' dir='ltr'><strong>in</strong></span> <span class='ocrx_word' id='word_1_127' title='bbox 917 2001 1104 2085; x_wconf 84' lang='lat' dir='ltr'><strong>explicando</strong></span> <span class='ocrx_word' id='word_1_128' title='bbox 1132 2023 1229 2068; x_wconf 89' lang='lat' dir='ltr'><strong>sensu</strong></span> <span class='ocrx_word' id='word_1_129' title='bbox 1257 2002 1459 2088; x_wconf 77' lang='lat' dir='ltr'><strong>singulorum</strong></span> 
     </span>
     <span class='ocr_line' id='line_1_17' title="bbox 287 2106 1461 2196; baseline 0.001 -23"><span class='ocrx_word' id='word_1_130' title='bbox 287 2108 533 2193; x_wconf 81' lang='lat' dir='ltr'><strong>vocabulorum,</strong></span> <span class='ocrx_word' id='word_1_131' title='bbox 563 2129 604 2172; x_wconf 88' lang='lat' dir='ltr'><strong>ns</strong></span> <span class='ocrx_word' id='word_1_132' title='bbox 635 2107 739 2172; x_wconf 88' lang='lat' dir='ltr'><strong>dicam</strong></span> <span class='ocrx_word' id='word_1_133' title='bbox 769 2107 805 2171; x_wconf 92' lang='lat' dir='ltr'><strong>in</strong></span> <span class='ocrx_word' id='word_1_134' title='bbox 831 2108 948 2192; x_wconf 85' lang='lat' dir='ltr'><strong>etymis</strong></span> <span class='ocrx_word' id='word_1_135' title='bbox 973 2106 1166 2191; x_wconf 72' lang='lat' dir='ltr'><strong>&#39;quaerendis</strong></span> <span class='ocrx_word' id='word_1_136' title='bbox 1194 2109 1330 2194; x_wconf 89' lang='lat' dir='ltr'><strong>aliisque</strong></span> <span class='ocrx_word' id='word_1_137' title='bbox 1357 2131 1461 2196; x_wconf 79' lang='lat' dir='ltr'><strong>gram·</strong></span> 
     </span>
     <span class='ocr_line' id='line_1_18' title="bbox 287 2214 1460 2302; baseline 0.004 -24"><span class='ocrx_word' id='word_1_138' title='bbox 287 2214 414 2279; x_wconf 89' lang='lat' dir='ltr'><strong>maticis</strong></span> <span class='ocrx_word' id='word_1_139' title='bbox 442 2214 538 2278; x_wconf 88' lang='lat' dir='ltr'><strong>rebus</strong></span> <span class='ocrx_word' id='word_1_140' title='bbox 562 2214 751 2300; x_wconf 81' lang='lat' dir='ltr'><strong>tractandis,</strong></span> <span class='ocrx_word' id='word_1_141' title='bbox 780 2214 918 2279; x_wconf 89' lang='lat' dir='ltr'><strong>multum</strong></span> <span class='ocrx_word' id='word_1_142' title='bbox 941 2218 973 2279; x_wconf 91' lang='lat' dir='ltr'><strong>et</strong></span> <span class='ocrx_word' id='word_1_143' title='bbox 995 2215 1051 2279; x_wconf 86' lang='lat' dir='ltr'><strong>diu</strong></span> <span class='ocrx_word' id='word_1_144' title='bbox 1074 2217 1217 2282; x_wconf 81' lang='lat' dir='ltr'><strong>versari?</strong></span> <span class='ocrx_word' id='word_1_145' title='bbox 1246 2215 1334 2281; x_wconf 80' lang='lat' dir='ltr'><strong>Audi</strong></span> <span class='ocrx_word' id='word_1_146' title='bbox 1355 2217 1460 2302; x_wconf 88' lang='lat' dir='ltr'><strong>mod0,</strong></span> 
     </span>
     <span class='ocr_line' id='line_1_19' title="bbox 289 2318 1462 2410; baseline 0.003 -24"><span class='ocrx_word' id='word_1_147' title='bbox 289 2342 372 2406; x_wconf 89' lang='lat' dir='ltr'><strong>quae</strong></span> <span class='ocrx_word' id='word_1_148' title='bbox 395 2321 464 2405; x_wconf 92' lang='lat' dir='ltr'><strong>ipse</strong></span> <span class='ocrx_word' id='word_1_149' title='bbox 486 2324 626 2385; x_wconf 89' lang='lat' dir='ltr'><strong>testatur</strong></span> <span class='ocrx_word' id='word_1_150' title='bbox 650 2321 691 2386; x_wconf 91' lang='lat' dir='ltr'><strong>ad</strong></span> <span class='ocrx_word' id='word_1_151' title='bbox 712 2344 741 2386; x_wconf 83' lang='lat' dir='ltr'><strong>v.</strong></span> <span class='ocrx_word' id='word_1_152' title='bbox 761 2319 824 2384; x_wconf 81' lang='grc'><strong>671</strong></span> <span class='ocrx_word' id='word_1_153' title='bbox 850 2318 894 2407; x_wconf 88' lang='lat' dir='ltr'><strong>(p.</strong></span> <span class='ocrx_word' id='word_1_154' title='bbox 914 2321 980 2388; x_wconf 81' lang='grc'><strong>335</strong></span> <span class='ocrx_word' id='word_1_155' title='bbox 994 2319 1070 2409; x_wconf 87' lang='lat' dir='ltr'><strong>sq.):</strong></span> <span class='ocrx_word' id='word_1_156' title='bbox 1096 2322 1114 2389; x_wconf 87' lang='grc' dir='ltr'><strong><em>δ</em></strong></span> <span class='ocrx_word' id='word_1_157' title='bbox 1138 2319 1199 2407; x_wconf 74' lang='grc' dir='ltr'><strong>μὲν</strong></span> <span class='ocrx_word' id='word_1_158' title='bbox 1224 2321 1313 2410; x_wconf 78' lang='grc' dir='ltr'><strong><em>Θρᾷξ</em></strong></span> <span class='ocrx_word' id='word_1_159' title='bbox 1336 2325 1462 2389; x_wconf 84' lang='grc' dir='ltr'><strong><em>Διονύ-</em></strong></span> 
     </span>
     <span class='ocr_line' id='line_1_20' title="bbox 288 2426 1461 2518; baseline 0.002 -26"><span class='ocrx_word' id='word_1_160' title='bbox 288 2445 360 2504; x_wconf 79' lang='grc' dir='ltr'><strong><em>σιος</em></strong></span> <span class='ocrx_word' id='word_1_161' title='bbox 388 2426 475 2505; x_wconf 81' lang='grc' dir='ltr'><strong><em>ἔλεξε</em></strong></span> <span class='ocrx_word' id='word_1_162' title='bbox 503 2427 679 2513; x_wconf 80' lang='grc' dir='ltr'><strong><em>φερέοικον</em></strong></span> <span class='ocrx_word' id='word_1_163' title='bbox 707 2429 766 2493; x_wconf 85' lang='grc' dir='ltr'><strong>τὸν</strong></span> <span class='ocrx_word' id='word_1_164' title='bbox 789 2432 938 2512; x_wconf 75' lang='grc' dir='ltr'><strong><em>κοχλίαν·</em></strong></span> <span class='ocrx_word' id='word_1_165' title='bbox 972 2427 1224 2512; x_wconf 79' lang='grc' dir='ltr'><strong><em>ἐπιτιμῆσαιδέ</em></strong></span> <span class='ocrx_word' id='word_1_166' title='bbox 1244 2447 1349 2515; x_wconf 82' lang='grc' dir='ltr'><strong><em>φησιν</em></strong></span> <span class='ocrx_word' id='word_1_167' title='bbox 1372 2429 1461 2518; x_wconf 73' lang='grc' dir='ltr'><strong><em>αὐτῷ</em></strong></span> 
     </span>
     <span class='ocr_line' id='line_1_21' title="bbox 288 2530 1461 2624; baseline 0.003 -26"><span class='ocrx_word' id='word_1_168' title='bbox 288 2557 363 2606; x_wconf 85' lang='grc' dir='ltr'><strong><em>τινα</em></strong></span> <span class='ocrx_word' id='word_1_169' title='bbox 394 2544 491 2600; x_wconf 78' lang='grc' dir='ltr'><strong><em>τοῦτο</em></strong></span> <span class='ocrx_word' id='word_1_170' title='bbox 522 2532 654 2617; x_wconf 79' lang='grc' dir='ltr'><strong><em>λέμοντι</em></strong></span> <span class='ocrx_word' id='word_1_171' title='bbox 678 2531 836 2621; x_wconf 79' lang='grc' dir='ltr'><strong>Ἀρκάδα,</strong></span> <span class='ocrx_word' id='word_1_172' title='bbox 868 2530 954 2601; x_wconf 83' lang='grc' dir='ltr'><strong><em>εἶναι</em></strong></span> <span class='ocrx_word' id='word_1_173' title='bbox 982 2535 1045 2620; x_wconf 73' lang='grc' dir='ltr'><strong>γάρ</strong></span> <span class='ocrx_word' id='word_1_174' title='bbox 1074 2535 1110 2601; x_wconf 84' lang='grc' dir='ltr'><strong>ἐν</strong></span> <span class='ocrx_word' id='word_1_175' title='bbox 1135 2533 1289 2624; x_wconf 78' lang='grc' dir='ltr'><strong><em>Ἀρκαδίᾳ</em></strong></span> <span class='ocrx_word' id='word_1_176' title='bbox 1316 2538 1375 2603; x_wconf 89' lang='grc' dir='ltr'><strong>τὸν</strong></span> <span class='ocrx_word' id='word_1_177' title='bbox 1403 2560 1461 2620; x_wconf 84' lang='grc' dir='ltr'><strong>φε-</strong></span> 
     </span>
     <span class='ocr_line' id='line_1_22' title="bbox 289 2639 1461 2729; baseline 0.003 -24"><span class='ocrx_word' id='word_1_178' title='bbox 289 2639 437 2725; x_wconf 87' lang='grc' dir='ltr'><strong><em>ρέοικον,</em></strong></span> <span class='ocrx_word' id='word_1_179' title='bbox 466 2642 548 2726; x_wconf 87' lang='grc' dir='ltr'><strong><em>ὁρᾶν</em></strong></span> <span class='ocrx_word' id='word_1_180' title='bbox 575 2645 708 2726; x_wconf 88' lang='grc' dir='ltr'><strong><em>μελίττη</em></strong></span> <span class='ocrx_word' id='word_1_181' title='bbox 736 2641 883 2725; x_wconf 81' lang='grc' dir='ltr'><strong><em>ἐοικότα,</em></strong></span> <span class='ocrx_word' id='word_1_182' title='bbox 910 2645 1144 2725; x_wconf 88' lang='grc' dir='ltr'><strong><em>σμικρότατον,</em></strong></span> <span class='ocrx_word' id='word_1_183' title='bbox 1171 2644 1282 2728; x_wconf 83' lang='grc' dir='ltr'><strong><em>κάρφη</em></strong></span> <span class='ocrx_word' id='word_1_184' title='bbox 1304 2642 1359 2709; x_wconf 78' lang='grc' dir='ltr'><strong>καί</strong></span> <span class='ocrx_word' id='word_1_185' title='bbox 1383 2659 1461 2729; x_wconf 87' lang='grc' dir='ltr'><strong><em>συρ-</em></strong></span> 
     </span>
     <span class='ocr_line' id='line_1_23' title="bbox 289 2740 1462 2835; baseline 0.002 -23"><span class='ocrx_word' id='word_1_186' title='bbox 289 2749 394 2830; x_wconf 82' lang='grc' dir='ltr'><strong><em>φετὸν</em></strong></span> <span class='ocrx_word' id='word_1_187' title='bbox 422 2740 527 2835; x_wconf 75' lang='grc' dir='ltr'><strong><em>ἑαυτῷ</em></strong></span> <span class='ocrx_word' id='word_1_188' title='bbox 561 2749 766 2831; x_wconf 69' lang='grc' dir='ltr'><strong><em>στενάχοντα,</em></strong></span> <span class='ocrx_word' id='word_1_189' title='bbox 798 2754 1067 2831; x_wconf 77' lang='grc' dir='ltr'><strong><em>στεμοποιεῑσθαι</em></strong></span> <span class='ocrx_word' id='word_1_190' title='bbox 1100 2749 1155 2814; x_wconf 85' lang='grc' dir='ltr'><strong>διδ</strong></span> <span class='ocrx_word' id='word_1_191' title='bbox 1184 2752 1263 2827; x_wconf 78' lang='grc' dir='ltr'><strong><em>τοὺς</em></strong></span> <span class='ocrx_word' id='word_1_192' title='bbox 1289 2761 1462 2834; x_wconf 83' lang='grc' dir='ltr'><strong><em>χειμῶνας,</em></strong></span> 
     </span>
     <span class='ocr_line' id='line_1_24' title="bbox 288 2850 1461 2940; baseline 0.003 -22"><span class='ocrx_word' id='word_1_193' title='bbox 288 2857 419 2937; x_wconf 84' lang='grc' dir='ltr'><strong><em>βαίνειν</em></strong></span> <span class='ocrx_word' id='word_1_194' title='bbox 442 2851 479 2918; x_wconf 79' lang='grc' dir='ltr'><strong><em>δέ</em></strong></span> <span class='ocrx_word' id='word_1_195' title='bbox 502 2854 565 2920; x_wconf 90' lang='grc' dir='ltr'><strong><em>άνδι</em></strong></span> <span class='ocrx_word' id='word_1_196' title='bbox 587 2857 628 2920; x_wconf 88' lang='grc' dir='ltr'><strong>τὰ</strong></span> <span class='ocrx_word' id='word_1_197' title='bbox 651 2856 740 2938; x_wconf 84' lang='grc' dir='ltr'><strong><em>φυτά</em></strong></span> <span class='ocrx_word' id='word_1_198' title='bbox 763 2852 899 2939; x_wconf 78' lang='grc' dir='ltr'><strong><em>θέρους·</em></strong></span> <span class='ocrx_word' id='word_1_199' title='bbox 923 2856 982 2919; x_wconf 90' lang='grc' dir='ltr'><strong>τὸν</strong></span> <span class='ocrx_word' id='word_1_200' title='bbox 1005 2850 1043 2919; x_wconf 70' lang='grc' dir='ltr'><strong>δὲ</strong></span> <span class='ocrx_word' id='word_1_201' title='bbox 1060 2859 1197 2939; x_wconf 85' lang='grc' dir='ltr'><strong><em>κοχλίαν</em></strong></span> <span class='ocrx_word' id='word_1_202' title='bbox 1215 2856 1259 2940; x_wconf 72' lang='grc' dir='ltr'><strong><em>με)</em></strong></span> <span class='ocrx_word' id='word_1_203' title='bbox 1278 2860 1461 2940; x_wconf 83' lang='grc' dir='ltr'><strong><em>φαίνεσθαι</em></strong></span> 
     </span>
     <span class='ocr_line' id='line_1_25' title="bbox 288 2958 1462 3047; baseline 0.002 -22"><span class='ocrx_word' id='word_1_204' title='bbox 288 2960 428 3045; x_wconf 78' lang='grc' dir='ltr'><strong><em>θέρους,</em></strong></span> <span class='ocrx_word' id='word_1_205' title='bbox 456 2958 528 3027; x_wconf 80' lang='grc' dir='ltr'><strong><em>ἀλλ’</em></strong></span> <span class='ocrx_word' id='word_1_206' title='bbox 555 2961 680 3028; x_wconf 84' lang='grc' dir='ltr'><strong><em>όπόταν</em></strong></span> <span class='ocrx_word' id='word_1_207' title='bbox 703 2963 827 3047; x_wconf 78' lang='grc' dir='ltr'><strong><em>ὄμβρος</em></strong></span> <span class='ocrx_word' id='word_1_208' title='bbox 850 2958 999 3045; x_wconf 82' lang='grc' dir='ltr'><strong><em>γένηται,</em></strong></span> <span class='ocrx_word' id='word_1_209' title='bbox 1027 2961 1256 3047; x_wconf 75' lang='grc' dir='ltr'><strong><em>ἀναδυόμενον</em></strong></span> <span class='ocrx_word' id='word_1_210' title='bbox 1279 2967 1462 3047; x_wconf 83' lang='grc' dir='ltr'><strong><em>φαίνεσθαι</em></strong></span> 
     </span>
     <span class='ocr_line' id='line_1_26' title="bbox 290 3066 1461 3155; baseline 0.003 -25"><span class='ocrx_word' id='word_1_211' title='bbox 290 3067 346 3130; x_wconf 84' lang='grc' dir='ltr'><strong>διὰ</strong></span> <span class='ocrx_word' id='word_1_212' title='bbox 364 3078 432 3132; x_wconf 83' lang='grc' dir='ltr'><strong>τῶν</strong></span> <span class='ocrx_word' id='word_1_213' title='bbox 451 3078 568 3150; x_wconf 82' lang='grc' dir='ltr'><strong><em>φυτῶν</em></strong></span> <span class='ocrx_word' id='word_1_214' title='bbox 586 3070 727 3151; x_wconf 86' lang='grc' dir='ltr'><strong><em>βαίνειν,</em></strong></span> <span class='ocrx_word' id='word_1_215' title='bbox 746 3066 884 3132; x_wconf 82' lang='grc' dir='ltr'><strong><em>ἕλκοντα</em></strong></span> <span class='ocrx_word' id='word_1_216' title='bbox 902 3069 940 3133; x_wconf 85' lang='grc' dir='ltr'><strong>τὸ</strong></span> <span class='ocrx_word' id='word_1_217' title='bbox 954 3077 1085 3151; x_wconf 83' lang='grc' dir='ltr'><strong><em>κοῦφον</em></strong></span> <span class='ocrx_word' id='word_1_218' title='bbox 1099 3067 1276 3147; x_wconf 80' lang='grc' dir='ltr'><strong><em>ἐξόπισθεν</em></strong></span> <span class='ocrx_word' id='word_1_219' title='bbox 1290 3072 1461 3155; x_wconf 79' lang='grc' dir='ltr'><strong><em>ὄστρακον.</em></strong></span> 
     </span>
     <span class='ocr_line' id='line_1_27' title="bbox 288 3168 1462 3261; baseline 0.003 -25"><span class='ocrx_word' id='word_1_220' title='bbox 288 3182 406 3237; x_wconf 87' lang='grc' dir='ltr'><strong><em>τοῦτο</em></strong></span> <span class='ocrx_word' id='word_1_221' title='bbox 433 3168 505 3255; x_wconf 73' lang='grc' dir='ltr'><strong>μὲν</strong></span> <span class='ocrx_word' id='word_1_222' title='bbox 532 3168 604 3237; x_wconf 84' lang='grc' dir='ltr'><strong>οὖν</strong></span> <span class='ocrx_word' id='word_1_223' title='bbox 631 3172 734 3249; x_wconf 79' lang='grc' dir='ltr'><strong><em>ὅπως</em></strong></span> <span class='ocrx_word' id='word_1_224' title='bbox 761 3173 808 3238; x_wconf 73' lang='lat' dir='ltr'><strong>cv</strong></span> <span class='ocrx_word' id='word_1_225' title='bbox 835 3175 901 3259; x_wconf 83' lang='grc' dir='ltr'><strong>ἐχη</strong></span> <span class='ocrx_word' id='word_1_226' title='bbox 928 3173 1104 3260; x_wconf 85' lang='grc' dir='ltr'><strong><em>χαιρέτω.</em></strong></span> <span class='ocrx_word' id='word_1_227' title='bbox 1149 3179 1462 3261; x_wconf 85' lang='grc' dir='ltr'><strong><em>παρακελεύεται</em></strong></span> 
     </span>
     <span class='ocr_line' id='line_1_28' title="bbox 291 3275 1462 3368; baseline 0.003 -25"><span class='ocrx_word' id='word_1_228' title='bbox 291 3275 332 3343; x_wconf 73' lang='grc' dir='ltr'><strong>δὲ</strong></span> <span class='ocrx_word' id='word_1_229' title='bbox 359 3279 453 3363; x_wconf 87' lang='grc' dir='ltr'><strong><em>μετά</em></strong></span> <span class='ocrx_word' id='word_1_230' title='bbox 480 3280 625 3343; x_wconf 88' lang='grc' dir='ltr'><strong><em>τούτου</em></strong></span> <span class='ocrx_word' id='word_1_231' title='bbox 647 3284 714 3344; x_wconf 90' lang='grc' dir='ltr'><strong><em>κτλ.</em></strong></span> <span class='ocrx_word' id='word_1_232' title='bbox 760 3278 933 3368; x_wconf 81' lang='lat' dir='ltr'><strong>Censesns,</strong></span> <span class='ocrx_word' id='word_1_233' title='bbox 960 3283 1017 3366; x_wconf 91' lang='lat' dir='ltr'><strong>qui</strong></span> <span class='ocrx_word' id='word_1_234' title='bbox 1044 3286 1137 3347; x_wconf 90' lang='lat' dir='ltr'><strong>tanto</strong></span> <span class='ocrx_word' id='word_1_235' title='bbox 1167 3282 1275 3348; x_wconf 89' lang='lat' dir='ltr'><strong>studio</strong></span> <span class='ocrx_word' id='word_1_236' title='bbox 1298 3304 1337 3347; x_wconf 83' lang='lat' dir='ltr'><strong>ex</strong></span> <span class='ocrx_word' id='word_1_237' title='bbox 1359 3303 1462 3368; x_wconf 79' lang='lat' dir='ltr'><strong>gram-</strong></span> 
     </span>
     <span class='ocr_line' id='line_1_29' title="bbox 289 3385 1463 3474; baseline 0.003 -23"><span class='ocrx_word' id='word_1_238' title='bbox 289 3385 409 3451; x_wconf 90' lang='lat' dir='ltr'><strong>matica</strong></span> <span class='ocrx_word' id='word_1_239' title='bbox 442 3385 630 3469; x_wconf 85' lang='lat' dir='ltr'><strong>quaestione</strong></span> <span class='ocrx_word' id='word_1_240' title='bbox 661 3386 794 3452; x_wconf 89' lang='lat' dir='ltr'><strong>festinat</strong></span> <span class='ocrx_word' id='word_1_241' title='bbox 826 3388 866 3453; x_wconf 86' lang='lat' dir='ltr'><strong>ad</strong></span> <span class='ocrx_word' id='word_1_242' title='bbox 893 3389 1128 3455; x_wconf 85' lang='lat' dir='ltr'><strong>cohortativam</strong></span> <span class='ocrx_word' id='word_1_243' title='bbox 1156 3413 1247 3455; x_wconf 88' lang='lat' dir='ltr'><strong>suam</strong></span> <span class='ocrx_word' id='word_1_244' title='bbox 1274 3390 1463 3474; x_wconf 87' lang='lat' dir='ltr'><strong>interpreta-</strong></span> 
     </span>
     <span class='ocr_line' id='line_1_30' title="bbox 290 3488 1463 3584; baseline 0.006 -28"><span class='ocrx_word' id='word_1_245' title='bbox 290 3493 426 3575; x_wconf 86' lang='lat' dir='ltr'><strong>tionem,</strong></span> <span class='ocrx_word' id='word_1_246' title='bbox 464 3491 598 3557; x_wconf 89' lang='lat' dir='ltr'><strong>eundem</strong></span> <span class='ocrx_word' id='word_1_247' title='bbox 630 3488 796 3577; x_wconf 76' lang='lat' dir='ltr'><strong>scripsisse</strong></span> <span class='ocrx_word' id='word_1_248' title='bbox 828 3495 869 3560; x_wconf 89' lang='lat' dir='ltr'><strong>ad</strong></span> <span class='ocrx_word' id='word_1_249' title='bbox 900 3520 929 3560; x_wconf 81' lang='lat' dir='ltr'><strong>v.</strong></span> <span class='ocrx_word' id='word_1_250' title='bbox 953 3496 1019 3560; x_wconf 88' lang='grc'><strong>408</strong></span> <span class='ocrx_word' id='word_1_251' title='bbox 1043 3493 1088 3581; x_wconf 92' lang='lat' dir='ltr'><strong>(p</strong></span> <span class='ocrx_word' id='word_1_252' title='bbox 1107 3494 1187 3584; x_wconf 92' lang='grc'>260)</span> <span class='ocrx_word' id='word_1_253' title='bbox 1217 3496 1307 3561; x_wconf 87' lang='lat' dir='ltr'><strong>haec:</strong></span> <span class='ocrx_word' id='word_1_254' title='bbox 1344 3500 1389 3562; x_wconf 88' lang='grc' dir='ltr'><strong>σὺ</strong></span> <span class='ocrx_word' id='word_1_255' title='bbox 1422 3498 1442 3562; x_wconf 93' lang='grc' dir='ltr'><strong><em>δ</em></strong></span> <span class='ocrx_word' id='word_1_256' title='bbox 1448 3494 1463 3563; x_wconf 72' lang='lat' dir='ltr'><strong>t</strong></span> 
     </span>
     <span class='ocr_line' id='line_1_31' title="bbox 291 3597 1463 3689; baseline 0.005 -27"><span class='ocrx_word' id='word_1_257' title='bbox 291 3608 401 3685; x_wconf 82' lang='grc' dir='ltr'><strong><em>τητᾷ·</em></strong></span> <span class='ocrx_word' id='word_1_258' title='bbox 428 3597 578 3664; x_wconf 84' lang='grc' dir='ltr'><strong><em>τουτέστι</em></strong></span> <span class='ocrx_word' id='word_1_259' title='bbox 606 3604 759 3688; x_wconf 86' lang='grc' dir='ltr'><strong><em>στερίσκη</em></strong></span> <span class='ocrx_word' id='word_1_260' title='bbox 784 3611 844 3668; x_wconf 86' lang='grc' dir='ltr'><strong>τοῦ</strong></span> <span class='ocrx_word' id='word_1_261' title='bbox 868 3603 1014 3689; x_wconf 80' lang='grc' dir='ltr'><strong><em>ὀργάνου</em></strong></span> <span class='ocrx_word' id='word_1_262' title='bbox 1037 3600 1091 3668; x_wconf 85' lang='grc' dir='ltr'><strong>καὶ</strong></span> <span class='ocrx_word' id='word_1_263' title='bbox 1114 3614 1175 3669; x_wconf 87' lang='grc' dir='ltr'><strong>τοῦ</strong></span> <span class='ocrx_word' id='word_1_264' title='bbox 1199 3606 1312 3687; x_wconf 76' lang='grc' dir='ltr'><strong><em>ἔργον·</em></strong></span> <span class='ocrx_word' id='word_1_265' title='bbox 1339 3605 1463 3689; x_wconf 71' lang='lat' dir='ltr'><strong>scyrico</strong></span> 
     </span>
     <span class='ocr_line' id='line_1_32' title="bbox 290 3707 1464 3795; baseline 0.003 -26"><span class='ocrx_word' id='word_1_266' title='bbox 290 3712 454 3787; x_wconf 78' lang='grc' dir='ltr'><strong><em>τητᾶσθαι</em></strong></span> <span class='ocrx_word' id='word_1_267' title='bbox 477 3707 515 3770; x_wconf 85' lang='grc' dir='ltr'><strong>τὸ</strong></span> <span class='ocrx_word' id='word_1_268' title='bbox 539 3709 769 3791; x_wconf 84' lang='grc' dir='ltr'><strong><em>στερίσκεσθαι</em></strong></span> <span class='ocrx_word' id='word_1_269' title='bbox 797 3709 895 3793; x_wconf 80' lang='grc' dir='ltr'><strong><em>δηλοῖ</em></strong></span> <span class='ocrx_word' id='word_1_270' title='bbox 902 3730 908 3742; x_wconf 94' lang='grc'><em>·</em></span> <span class='ocrx_word' id='word_1_271' title='bbox 945 3721 1091 3794; x_wconf 83' lang='grc' dir='ltr'><strong><em>τητῶμαι</em></strong></span> <span class='ocrx_word' id='word_1_272' title='bbox 1114 3710 1178 3795; x_wconf 81' lang='grc' dir='ltr'><strong>γάρ</strong></span> <span class='ocrx_word' id='word_1_273' title='bbox 1201 3711 1238 3776; x_wconf 90' lang='grc' dir='ltr'><strong>τὸ</strong></span> <span class='ocrx_word' id='word_1_274' title='bbox 1262 3720 1396 3795; x_wconf 80' lang='grc' dir='ltr'><strong><em>πρῶτον</em></strong></span> <span class='ocrx_word' id='word_1_275' title='bbox 1419 3709 1464 3786; x_wconf 80' lang='grc' dir='ltr'><strong>ὡς</strong></span> 
     </span>
     <span class='ocr_line' id='line_1_33' title="bbox 291 3809 1462 3902; baseline 0.003 -26"><span class='ocrx_word' id='word_1_276' title='bbox 291 3815 435 3895; x_wconf 82' lang='grc' dir='ltr'><strong><em>βοῶμαι,</em></strong></span> <span class='ocrx_word' id='word_1_277' title='bbox 466 3809 523 3877; x_wconf 82' lang='grc' dir='ltr'><strong>καὶ</strong></span> <span class='ocrx_word' id='word_1_278' title='bbox 554 3823 635 3900; x_wconf 81' lang='grc' dir='ltr'><strong><em>τητᾷ</em></strong></span> <span class='ocrx_word' id='word_1_279' title='bbox 667 3816 704 3879; x_wconf 91' lang='grc' dir='ltr'><strong>τὸ</strong></span> <span class='ocrx_word' id='word_1_280' title='bbox 737 3815 895 3900; x_wconf 85' lang='grc' dir='ltr'><strong><em>δεύτερον</em></strong></span> <span class='ocrx_word' id='word_1_281' title='bbox 926 3815 971 3893; x_wconf 80' lang='grc' dir='ltr'><strong>ὡς</strong></span> <span class='ocrx_word' id='word_1_282' title='bbox 998 3820 1061 3902; x_wconf 80' lang='grc' dir='ltr'><strong>βοᾷ</strong></span> <span class='ocrx_word' id='word_1_283' title='bbox 1087 3822 1170 3899; x_wconf 86' lang='grc' dir='ltr'><strong><em>κτλ,</em></strong></span> <span class='ocrx_word' id='word_1_284' title='bbox 1202 3816 1254 3881; x_wconf 81' lang='lat' dir='ltr'><strong>vel</strong></span> <span class='ocrx_word' id='word_1_285' title='bbox 1281 3815 1321 3880; x_wconf 88' lang='lat' dir='ltr'><strong>ad</strong></span> <span class='ocrx_word' id='word_1_286' title='bbox 1349 3838 1377 3880; x_wconf 82' lang='lat' dir='ltr'><strong>v.</strong></span> <span class='ocrx_word' id='word_1_287' title='bbox 1397 3815 1462 3880; x_wconf 88' lang='grc'><strong>302</strong></span> 
     </span>
     <span class='ocr_line' id='line_1_34' title="bbox 291 3915 1463 4008; baseline 0.006 -28"><span class='ocrx_word' id='word_1_288' title='bbox 291 3915 335 4004; x_wconf 85' lang='lat' dir='ltr'><strong>(p.</strong></span> <span class='ocrx_word' id='word_1_289' title='bbox 356 3915 437 4005; x_wconf 87' lang='grc'>203)</span> <span class='ocrx_word' id='word_1_290' title='bbox 469 3918 560 3983; x_wconf 82' lang='lat' dir='ltr'><strong>haec:</strong></span> <span class='ocrx_word' id='word_1_291' title='bbox 593 3921 688 4003; x_wconf 80' lang='grc' dir='ltr'><strong><em>λιμὸς</em></strong></span> <span class='ocrx_word' id='word_1_292' title='bbox 720 3927 868 4004; x_wconf 76' lang='grc' dir='ltr'><strong><em>θηλικῶς</em></strong></span> <span class='ocrx_word' id='word_1_293' title='bbox 900 3920 1028 4004; x_wconf 81' lang='grc' dir='ltr'><strong><em>λέγεται</em></strong></span> <span class='ocrx_word' id='word_1_294' title='bbox 1060 3923 1149 4007; x_wconf 82' lang='grc' dir='ltr'><strong><em>παρά</em></strong></span> <span class='ocrx_word' id='word_1_295' title='bbox 1175 3935 1246 4000; x_wconf 75' lang='grc' dir='ltr'><strong><em>τοῖς</em></strong></span> <span class='ocrx_word' id='word_1_296' title='bbox 1272 3922 1463 4008; x_wconf 61' lang='lat' dir='ltr'><strong>Austros?</strong></span> 
     </span>
     <span class='ocr_line' id='line_1_35' title="bbox 293 4024 1463 4116; baseline 0.005 -28"><span class='ocrx_word' id='word_1_297' title='bbox 293 4024 414 4089; x_wconf 87' lang='lat' dir='ltr'><strong>Tamen</strong></span> <span class='ocrx_word' id='word_1_298' title='bbox 435 4046 502 4090; x_wconf 92' lang='lat' dir='ltr'><strong>non</strong></span> <span class='ocrx_word' id='word_1_299' title='bbox 524 4025 631 4090; x_wconf 91' lang='lat' dir='ltr'><strong>minus</strong></span> <span class='ocrx_word' id='word_1_300' title='bbox 654 4025 733 4091; x_wconf 89' lang='lat' dir='ltr'><strong>haec</strong></span> <span class='ocrx_word' id='word_1_301' title='bbox 756 4028 816 4092; x_wconf 90' lang='lat' dir='ltr'><strong>sub</strong></span> <span class='ocrx_word' id='word_1_302' title='bbox 836 4027 968 4092; x_wconf 92' lang='lat' dir='ltr'><strong>nomine</strong></span> <span class='ocrx_word' id='word_1_303' title='bbox 985 4028 1092 4093; x_wconf 85' lang='lat' dir='ltr'><strong>Proeti</strong></span> <span class='ocrx_word' id='word_1_304' title='bbox 1111 4033 1249 4116; x_wconf 85' lang='lat' dir='ltr'><strong>exstant,</strong></span> <span class='ocrx_word' id='word_1_305' title='bbox 1270 4050 1337 4094; x_wconf 91' lang='lat' dir='ltr'><strong>non</strong></span> <span class='ocrx_word' id='word_1_306' title='bbox 1355 4029 1463 4094; x_wconf 84' lang='lat' dir='ltr'><strong>addito</strong></span> 
     </span>
     <span class='ocr_line' id='line_1_36' title="bbox 291 4130 1464 4221; baseline 0.003 -25"><span class='ocrx_word' id='word_1_307' title='bbox 291 4132 409 4207; x_wconf 81' lang='grc' dir='ltr'><strong><em>ἄλλος.</em></strong></span> <span class='ocrx_word' id='word_1_308' title='bbox 454 4130 524 4196; x_wconf 87' lang='lat' dir='ltr'><strong>lam</strong></span> <span class='ocrx_word' id='word_1_309' title='bbox 552 4154 625 4196; x_wconf 88' lang='lat' dir='ltr'><strong>cum</strong></span> <span class='ocrx_word' id='word_1_310' title='bbox 648 4133 688 4196; x_wconf 88' lang='lat' dir='ltr'><strong>ad</strong></span> <span class='ocrx_word' id='word_1_311' title='bbox 711 4156 739 4197; x_wconf 87' lang='lat' dir='ltr'><strong>v.</strong></span> <span class='ocrx_word' id='word_1_312' title='bbox 760 4133 823 4199; x_wconf 88' lang='grc'><strong>308</strong></span> <span class='ocrx_word' id='word_1_313' title='bbox 848 4131 892 4218; x_wconf 90' lang='lat' dir='ltr'><strong>(p.</strong></span> <span class='ocrx_word' id='word_1_314' title='bbox 912 4132 1006 4221; x_wconf 91' lang='grc'>206),</span> <span class='ocrx_word' id='word_1_315' title='bbox 1030 4139 1067 4199; x_wconf 91' lang='lat' dir='ltr'><strong>ut</strong></span> <span class='ocrx_word' id='word_1_316' title='bbox 1089 4136 1271 4219; x_wconf 86' lang='lat' dir='ltr'><strong>exemplum</strong></span> <span class='ocrx_word' id='word_1_317' title='bbox 1293 4135 1464 4219; x_wconf 87' lang='lat' dir='ltr'><strong>proferam,</strong></span> 
     </span>
     <span class='ocr_line' id='line_1_37' title="bbox 293 4236 1465 4328; baseline 0.006 -28"><span class='ocrx_word' id='word_1_318' title='bbox 293 4237 398 4301; x_wconf 87' lang='lat' dir='ltr'><strong>multa</strong></span> <span class='ocrx_word' id='word_1_319' title='bbox 425 4236 463 4301; x_wconf 88' lang='lat' dir='ltr'><strong>de</strong></span> <span class='ocrx_word' id='word_1_320' title='bbox 490 4259 552 4302; x_wconf 94' lang='lat' dir='ltr'><strong>usu</strong></span> <span class='ocrx_word' id='word_1_321' title='bbox 579 4237 728 4303; x_wconf 80' lang='lat' dir='ltr'><strong>vocabuli</strong></span> <span class='ocrx_word' id='word_1_322' title='bbox 755 4241 835 4324; x_wconf 80' lang='grc' dir='ltr'><strong><em>ἔργα</em></strong></span> <span class='ocrx_word' id='word_1_323' title='bbox 862 4240 1048 4305; x_wconf 88' lang='lat' dir='ltr'><strong>tribuantur</strong></span> <span class='ocrx_word' id='word_1_324' title='bbox 1074 4240 1203 4328; x_wconf 87' lang='lat' dir='ltr'><strong>Proclo,</strong></span> <span class='ocrx_word' id='word_1_325' title='bbox 1230 4242 1341 4307; x_wconf 86' lang='lat' dir='ltr'><strong>eadem</strong></span> <span class='ocrx_word' id='word_1_326' title='bbox 1366 4242 1465 4326; x_wconf 88' lang='lat' dir='ltr'><strong>paulo</strong></span> 
     </span>
    </p>
   </div>
   <div class='ocr_carea' id='block_1_3' title="bbox 382 4463 1236 4540">
    <p class='ocr_par' dir='ltr' id='par_1_4' title="bbox 382 4463 1236 4540">
     <span class='ocr_line' id='line_1_38' title="bbox 382 4463 1236 4540; baseline 0.008 -22"><span class='ocrx_word' id='word_1_327' title='bbox 382 4466 408 4535; x_wconf 90' lang='lat'><strong>1)</strong></span> <span class='ocrx_word' id='word_1_328' title='bbox 427 4463 467 4520; x_wconf 83' lang='lat' dir='ltr'><strong>cf.</strong></span> <span class='ocrx_word' id='word_1_329' title='bbox 487 4465 524 4519; x_wconf 89' lang='lat' dir='ltr'><strong>ad</strong></span> <span class='ocrx_word' id='word_1_330' title='bbox 542 4483 587 4520; x_wconf 78' lang='lat' dir='ltr'><strong>vv.</strong></span> <span class='ocrx_word' id='word_1_331' title='bbox 604 4469 646 4536; x_wconf 83' lang='lat'><strong>15,</strong></span> <span class='ocrx_word' id='word_1_332' title='bbox 664 4470 707 4536; x_wconf 85' lang='lat'><strong>41,</strong></span> <span class='ocrx_word' id='word_1_333' title='bbox 723 4471 783 4536; x_wconf 83' lang='lat'><strong>111,</strong></span> <span class='ocrx_word' id='word_1_334' title='bbox 803 4472 862 4538; x_wconf 76' lang='lat'><strong>198,</strong></span> <span class='ocrx_word' id='word_1_335' title='bbox 882 4473 942 4540; x_wconf 75' lang='lat'><strong>2⁷3,</strong></span> <span class='ocrx_word' id='word_1_336' title='bbox 961 4474 1022 4539; x_wconf 77' lang='grc'>308,</span> <span class='ocrx_word' id='word_1_337' title='bbox 1041 4469 1113 4524; x_wconf 89' lang='lat' dir='ltr'><strong>alios</strong></span> <span class='ocrx_word' id='word_1_338' title='bbox 1131 4486 1236 4525; x_wconf 80' lang='lat' dir='ltr'><strong>versus.</strong></span> 
     </span>
    </p>
   </div>
   <div class='ocr_carea' id='block_1_4' title="bbox 0 0 1692 5168">
    <p class='ocr_par' dir='ltr' id='par_1_5' title="bbox 0 0 1692 5168">
     <span class='ocr_line' id='line_1_39' title="bbox 0 0 1692 5168; baseline 0 0"><span class='ocrx_word' id='word_1_339' title='bbox 0 0 1692 5168; x_wconf 95' lang='lat' dir='ltr'><strong> </strong></span> 
     </span>
    </p>
   </div>
  </div>
 </body>
</html>
