3342 5168
289 328 333 392 30
464 328 505 382 De
524 327 658 399 ampliore
677 327 744 382 olim
762 328 872 383 Veteris
890 329 1053 399 interpretis
1072 328 1280 384 commentario.
1354 372 1356 375 .

292 491 409 556 πεδίον
437 494 616 576 λεγόμενον
642 493 731 577 παρὰ
757 493 795 557 τὸ
823 493 928 557 ἀλντα
955 504 1068 578 τηρεῖν
1094 493 1134 558 τά
1162 492 1296 577 σώματα
1323 491 1343 575 ἣ
1366 490 1460 578 ταρὰ

289 597 351 680 τὴν
379 598 477 662 λύσιν
505 608 573 664 τῶν
595 610 714 663 κακῶν.
762 594 809 663 Of.
833 602 996 682 praeterea
1019 598 1059 663 ad
1081 622 1110 663 v.
1131 599 1171 662 16
1196 597 1240 686 (p.
1259 598 1302 662 49
1325 601 1391 663 not.
1412 596 1461 685 q):

288 703 500 770 ἀθανάτων
519 707 701 789 βουλῇσι·
721 703 855 769 πάντων
870 702 1217 793 αἰτίονςἙλληνικῷ
1238 708 1460 791 φρονήματι

288 812 367 886 τοὺς
389 813 509 889 θεοὺς
533 805 622 876 εἷναί
638 826 754 895 φησιν·
778 810 891 895 ἡμεῖς
914 807 955 875 ἀὲ
979 812 1039 895 οὐχ
1059 811 1175 888 οὕτως·
1199 809 1272 877 ἀλλ’
1295 807 1380 888 εἶναι
1399 807 1460 896 μὲν

288 918 358 981 τὸν
394 918 492 982 θεὸν
529 916 668 1000 ἀγαθῶν
704 916 839 982 πάντων
875 923 999 1001 αἴτιον,
1020 918 1061 982 sd
1098 922 1210 1002 φαῦλα
1247 913 1284 982 dl
1319 917 1460 1004 ὕστερον

287 1029 477 1109 παρελθεῖν.
529 1020 651 1087 Contra
683 1022 723 1087 ad
755 1022 890 1087 eundem
919 1023 1027 1087 locum
1061 1022 1103 1111 (p.
1132 1020 1190 1111 49)
1222 1022 1369 1087 Proclus:
1401 1021 1458 1089 ὑπ’

290 1129 435 1213 ἀνάγκης
465 1125 502 1194 dt
529 1135 690 1213 τιμᾶσθαι
718 1125 774 1215 (sc.
802 1130 907 1213 κακὴν
935 1125 1020 1215 ἔριν)
1049 1131 1137 1216 ιταρά
1163 1140 1231 1194 τῶν
1259 1128 1459 1214 ἀνθρώπων,

288 1237 344 1300 dod
367 1236 429 1319 τὴν
451 1236 574 1317 ἀλογον
594 1236 690 1319 ζωήν,
712 1235 756 1318 ἣν
779 1238 876 1320 ἔσχον
900 1239 948 1313 εἰς
971 1248 1063 1321 σῶμα
1086 1237 1250 1318 πεσούσης
1267 1244 1325 1319 τῆς
1343 1244 1459 1319 ψυχῆς.

286 1340 350 1407 καὶ
373 1350 491 1407 τοῦτο
514 1343 609 1406 κατὰ
632 1342 827 1425 βούλησιν
851 1337 953 1407 εἶναι
977 1354 1053 1408 τῶν
1076 1349 1195 1426 θεῶν,
1218 1344 1255 1408 τὸ
1274 1351 1313 1427 τῇ
1333 1341 1459 1426 ἀνάγκῃ

287 1448 423 1532 τοιαύτῃ
446 1454 637 1532 σνσχεθῖρνα
654 1453 722 1514 κτλ.
758 1446 875 1513 Nonne
897 1449 1016 1513 mirum
1035 1454 1093 1536 est,
1117 1449 1203 1533 quod
1220 1448 1299 1513 haec
1317 1470 1459 1532 unquam

287 1554 429 1619 eiusdem
451 1558 627 1638 potuerunt
649 1555 836 1639 interpretis
858 1555 992 1620 haberi?

861 1751 890 1815 3.

374 1873 541 1964 „Veteris“
573 1897 700 1959 quoque
733 1875 855 1940 scholia
886 1896 956 1940 esse
988 1878 1150 1960 excerpta,
1182 1875 1215 1939 id
1242 1897 1314 1940 oum
1341 1875 1393 1939 vel
1420 1897 1459 1939 ex

287 1983 347 2069 eis,
375 2004 456 2067 quae
483 1983 548 2046 iam
576 1981 684 2068 attuli,
713 1981 849 2046 subinde
871 1984 995 2067 pateat,
1024 1981 1202 2046 accuratius
1225 2004 1310 2047 nunc
1333 1982 1459 2046 demon-

287 2089 408 2154 strabo.
453 2087 501 2153 Ac
532 2088 673 2172 primum
706 2087 835 2172 quidem
862 2087 1010 2153 Tzetzam
1042 2088 1205 2153 videamus
1238 2089 1334 2152 huius
1362 2088 1459 2152 inter-

286 2196 387 2279 pretis
411 2195 519 2278 copias
543 2194 747 2280 expilantem,
769 2194 802 2258 id
826 2194 913 2278 quod
930 2195 1006 2259 fecit
1024 2194 1187 2259 interdum
1205 2195 1311 2261 Procli
1329 2193 1459 2259 nomine

286 2323 453 2386 perperam
476 2300 592 2365 addito.
629 2299 681 2364 Ad
699 2323 728 2365 v.
747 2299 812 2364 453
832 2297 877 2387 (p.
898 2299 988 2389 285),
1012 2324 1092 2384 quae
1116 2301 1176 2365 sub
1201 2304 1309 2380 ἀλλος
1331 2304 1459 2366 exstant

286 2407 490 2494 brevissima,
522 2407 600 2472 haec
632 2406 672 2471 ad
705 2407 839 2472 verbum
869 2408 935 2472 fere
964 2408 1134 2493 exscripsit
1160 2407 1287 2473 Tzetza:
1321 2409 1460 2474 εὔκολον

288 2515 349 2601 γάρ
373 2517 489 2597 λόγιον
512 2523 557 2602 τῷ
579 2515 623 2599 μὴ
648 2516 756 2598 ἔχοντι
780 2524 915 2603 γεωργῶ
938 2517 1019 2598 βόας
1042 2518 1209 2580 αἰτεῖσθαι
1231 2513 1308 2602 παρ’
1335 2514 1458 2601 ἑτέρον.

287 2621 489 2708 ῥᾳόιώτερον
524 2617 561 2686 dt
597 2620 730 2687 κάκεῖνό
767 2619 856 2686 ἐστιν
896 2621 1152 2708 ἀπαρνήσασθαι
1184 2620 1239 2687 καὶ
1271 2624 1376 2689 εἰπεῖν
1408 2622 1458 2686 ότι

286 2727 441 2812 τάρεισιν
470 2730 549 2814 ἔργα
576 2739 646 2804 τοῖς
672 2726 763 2812 ἐμοῖς
786 2731 915 2812 βουσίν.
962 2732 1056 2794 αἰτῶ
1079 2727 1143 2794 καὶ
1166 2731 1350 2813 αἰτοῦμαι
1374 2730 1456 2793 θια-

287 2834 407 2920 φέρει.
453 2834 499 2898 Et
526 2835 623 2919 paulo
654 2856 764 2918 supra:
796 2837 870 2900 τότε
897 2836 939 2918 δὴ
967 2838 1110 2921 χόρταζε.
1155 2837 1193 2901 τὸ
1222 2833 1459 2919 ἀταρέμφατον

287 2939 361 3005 ἀντὶ
379 2949 622 3027 τροστακτικοῦ
638 2939 797 3016 Ἀττικῶς.
833 2939 943 3017 ἕλικας
961 2944 1054 3024 βόας·
1074 2940 1260 3017 ἑλικοειόῶς
1274 2938 1328 3004 καὶ
1342 2940 1458 3024 ἡμικυ-

286 3047 444 3124 κλοειὸῶς
467 3050 545 3124 τοὺς
567 3048 672 3124 πόδας
695 3048 867 3123 εἱλοῦντας
888 3045 943 3111 καὶ
968 3044 1223 3132 συστρέφοντας.
1269 3047 1306 3110 τὸ
1330 3042 1367 3110 δὲ
1390 3043 1457 3122 ἕλιξ

284 3149 423 3217 Ἀττικοὶ
456 3153 677 3236 δασόνουσιν,
709 3154 744 3216 ot
774 3148 811 3217 dt
844 3150 954 3218 λοιποὶ
986 3152 1106 3230 πάντες
1132 3158 1303 3231 ψιλοῦσιν·
1335 3154 1370 3217 ot
1395 3153 1457 3235 γὰρ

284 3255 424 3323 Ἀττικοὶ
440 3259 605 3323 ὃασυνταί
616 3261 711 3345 εἰσιν,
725 3258 942 3343 ἀμφελίσσειν
955 3257 1011 3324 καὶ
1026 3258 1186 3344 ἀμφέχειν
1199 3257 1254 3324 καὶ
1266 3263 1459 3345 καθείργειν

287 3363 450 3448 λέγοντες,
474 3362 530 3429 καὶ
554 3359 656 3442 αὖθις
677 3363 732 3430 καὶ
756 3367 871 3450 λίσφοι
890 3363 945 3430 καὶ
958 3362 1003 3430 Δτά
1021 3366 1129 3450 ὅμοια,
1153 3366 1197 3443 ὡς
1215 3364 1269 3431 καὶ
1288 3369 1325 3432 τὸ
1344 3366 1458 3451 ἀμαξα.

289 3471 310 3554 ἡ
339 3467 376 3536 dt
403 3472 499 3555 κοινὴ
523 3471 692 3548 διάλεκτος
713 3469 768 3536 καὶ
795 3474 833 3537 τὸ
861 3471 967 3557 ἅμαξα
990 3478 1098 3556 ψιλοῖ,
1125 3474 1238 3550 καθὼς
1260 3472 1374 3557 Δωρὶς
1403 3472 1458 3539 καὶ

287 3574 413 3654 Αἰολὶς
445 3575 500 3642 καὶ
526 3575 640 3655 Ἴωνός.
685 3576 752 3642 Ubi
783 3578 860 3643 dicit
891 3578 928 3644 de
956 3578 1153 3664 discrimine,
1185 3579 1271 3663 quod
1298 3584 1348 3645 est
1374 3581 1459 3644 inter

287 3684 368 3748 αἰτῶ
392 3686 425 3748 et
448 3687 615 3769 αἰτοῦμαι,
638 3689 766 3768 praeter
788 3707 911 3750 morem
934 3685 1049 3750 Taetza
1070 3686 1280 3751 brevissimus
1303 3687 1379 3751 fuit:
1403 3690 1460 3751 aut

286 3789 365 3876 ipse,
384 3812 465 3875 quae
485 3796 577 3856 arant
595 3791 681 3876 apud
699 3796 840 3857 veterem
859 3793 1113 3878 grammaticum,
1132 3793 1188 3877 qui
1206 3792 1308 3877 ipsius
1327 3793 1458 3858 Tzetzae

288 3896 474 3962 testimonio
493 3898 528 3962 in
546 3898 667 3963 talibus
686 3899 810 3963 multus
828 3899 900 3986 fuit,
922 3899 1100 3963 decurtavit
1119 3903 1184 3985 aut,
1202 3900 1236 3962 id
1250 3900 1336 3982 quod
1349 3900 1458 3983 potius

287 4003 483 4091 crediderim,
500 4005 566 4069 iam
583 4005 619 4069 in
637 4004 834 4070 scholiorum
854 4005 987 4092 sylloge,
1007 4028 1070 4090 qua
1088 4005 1203 4070 Tzetza
1221 4000 1300 4071 usus
1315 4009 1372 4092 est,
1386 4006 1459 4070 reli-

288 4131 351 4192 qua
364 4110 496 4175 fuerunt
511 4111 637 4176 omissa.
665 4111 778 4176 Paullo
793 4112 918 4177 diversa
932 4115 981 4178 est
995 4114 1078 4177 ratio
1094 4135 1213 4199 eorum,
1228 4134 1309 4196 quae
1328 4116 1405 4177 sunt
1419 4112 1460 4176 ad

288 4238 315 4280 v.
332 4215 395 4279 778
415 4213 459 4302 (p.
474 4213 563 4304 426).
593 4216 633 4280 ln
650 4217 729 4301 ipsis
748 4219 906 4302 excerptis
923 4241 1009 4284 nunc
1028 4218 1066 4283 de
1083 4240 1161 4284 voce
1179 4219 1375 4304 ἀερσιτότης
1392 4240 1459 4283 non

286 4322 438 4407 leguntur
456 4323 520 4386 nisi
538 4323 616 4388 haec
631 4322 665 4411 (l.
681 4321 730 4409 2):
753 4323 1036 4408 ἀερσιπότητος
1059 4326 1080 4389 d
1086 4323 1113 4389 ἐ·
1137 4334 1196 4409 τῆς
1218 4324 1255 4389 ἐν
1273 4324 1345 4411 ἀερὶ
1364 4349 1458 4391 πετο-

287 4426 394 4517 μένης.
432 4429 546 4509 Tzetza
569 4432 685 4516 autem,
709 4430 777 4494 sine
799 4431 897 4495 dubio
917 4453 955 4495 ex
975 4431 1085 4495 eodem
1103 4431 1193 4495 fonte
1211 4430 1362 4498 hauriens
1380 4432 1458 4497 haec
