3390 5178
442 364 483 417 De
503 362 624 435 Operum
642 363 767 418 versibus
786 363 823 417 ab
843 362 967 431 antiquis
985 362 1118 418 laudatis.
1304 361 1369 426 203

198 526 372 613 Aristides,
399 526 592 593 Plutarchus
600 526 640 615 1),
668 527 840 612 Stobaeus,
868 525 1015 592 Clemens
1042 548 1109 591 non
1133 526 1281 611 legerunt
1304 528 1370 590 ver-

199 657 271 699 sum
298 635 377 719 294,
410 656 505 718 quem
538 635 594 719 qui
627 635 759 698 alterins
792 634 942 698 factionis
971 655 1040 698 esse
1068 633 1148 719 dixi,
1183 636 1370 717 agnoscunt.

198 740 266 806 Nec
292 763 359 805 non
385 742 574 827 ignoravere
602 764 730 806 versum
752 740 864 806 Livius
887 739 996 829 (XXII
1015 742 1067 825 29,
1087 737 1131 827 8),
1159 737 1270 804 Cicero
1296 738 1370 826 (pro

200 847 323 913 Olaent.
341 846 474 935 XXXI),
499 848 640 913 Basilius
658 848 797 934 Magnus
820 847 874 935 (de
897 847 966 912 aud.
988 848 1093 932 poetis
1111 847 1193 931 prof.
1211 870 1242 930 p.
1256 844 1332 932 565,
1352 847 1368 910 1

197 953 331 1041 Migne),
354 953 486 1040 Gregor.
510 954 587 1020 Nau.
612 952 719 1043 (epist.
738 955 785 1020 XI
807 953 941 1042 Migne).
975 952 1122 1018 Clemens
1147 975 1220 1017 cum
1242 975 1371 1017 versum

197 1063 376 1148 ignoraret,
403 1063 624 1147 imperfectam
647 1062 920 1146 comparationem
942 1061 1083 1145 reliquit.
1109 1060 1179 1125 111
1206 1059 1278 1125 vide
1301 1059 1372 1123 Ari-

198 1169 292 1233 stidis
328 1170 561 1255 cavillationes,
597 1169 714 1254 quibas
747 1191 817 1233 eam
850 1169 1044 1232 sententiam
1076 1168 1184 1232 studet
1215 1167 1373 1250 expiscari

197 1297 214 1339 e
241 1297 335 1339 versu
363 1276 438 1360 293,
467 1298 548 1361 quae
575 1297 660 1340 nunc
686 1276 806 1360 legitur
828 1276 863 1339 in
885 1297 914 1339 v.
934 1274 1012 1338 294:
1040 1272 1087 1360 (ΙΙ
1108 1297 1139 1358 p.
1159 1274 1215 1358 32,
1239 1271 1372 1360 3-14).

197 1381 299 1458 Quem
326 1404 405 1447 num
433 1382 534 1447 credis
557 1382 638 1446 illud
662 1405 769 1447 suum:
803 1382 950 1447 οὐκοῦν
973 1381 990 1447 ὁ
1014 1376 1085 1465 μὲν
1108 1381 1224 1457 αὐτὸς
1246 1381 1373 1445 πάντα,

198 1490 344 1571 νοήσας
367 1486 475 1554 ἐστὶν
499 1489 516 1555 ὁ
541 1484 582 1554 εὖ
601 1490 734 1554 εἰπών·
767 1492 818 1552 111
837 1488 943 1552 verbis
962 1488 1245 1570 comprobaturum
1263 1486 1377 1572 fuisse,-

199 1595 227 1659 si
249 1595 382 1680 legisset
403 1616 516 1660 versus
540 1594 606 1658 294
627 1616 738 1659 vocem
761 1594 1019 1679 onocentauros?
1041 1631 1082 1642 --
1104 1592 1154 1657 De
1171 1616 1201 1658 v.
1216 1594 1373 1658 2951111

196 1701 281 1766 nihil
312 1702 461 1781 habeam,
495 1701 581 1785 quod
613 1701 731 1786 dicam,
762 1701 851 1765 varia
884 1700 1025 1765 occurrit
1056 1700 1151 1765 lectio
1184 1700 1219 1765 in
1245 1723 1273 1764 v.
1298 1701 1371 1765 296.

198 1806 299 1873 Cuius
323 1809 358 1872 in
380 1808 475 1872 initio
495 1807 682 1885 exhibetis
701 1807 741 1873 δέ
756 1832 792 1873 κε
810 1806 1013 1892 Aristoteles,
1036 1807 1073 1884 ὃς
1092 1806 1132 1872 δέ
1147 1831 1185 1890 γε
1203 1805 1373 1893 Aristides,

198 1915 234 1990 ὃς
258 1914 298 1980 ds'
317 1940 352 1981 τε
375 1913 537 1999 (11111111,
561 1915 617 1979 sed
639 1914 798 1979 fluctuant
821 1936 932 1978 eorum
957 1912 1079 1978 codices
1102 1914 1223 1997 pariter
1247 1910 1372 1978 11811-

197 2021 282 2106 baei,
311 2022 401 2087 cuius
428 2023 463 2086 in
491 2021 596 2086 tribus
620 2022 748 2086 eaedem
771 2021 940 2105 lectiones,
968 2042 1047 2104 qaas
1072 2020 1152 2104 dixi,
1181 2020 1310 2100 adsunt,
1338 2021 1373 2084 in

198 2132 313 2211 quarto
347 2128 384 2205 ὃς
416 2126 453 2193 ol
484 2133 553 2207 aas}
585 2150 643 2194 nec
674 2149 741 2192 non
767 2128 920 2193 vacillant
947 2127 1024 2191 libri
1050 2126 1213 2192 Hesiodei.
1258 2126 1373 2211 ltaque

197 2235 280 2299 sitne
308 2236 396 2300 varia
423 2235 519 2300 lectio
549 2234 733 2320 statuenda,
761 2236 826 2299 iam
848 2234 1119 2321 conquaeritur,
1146 2234 1202 2298 sed
1225 2256 1306 2318 quae
1330 2235 1373 2299 sit

198 2342 321 2424 optima
353 2342 507 2427 eligenda.
559 2342 667 2407 Medio
700 2342 735 2405 in
766 2364 861 2406 versu
889 2339 1083 2406 Aristoteles
1111 2339 1272 2406 Aristides
1301 2340 1373 2406 Sto-

197 2449 296 2512 baeus
332 2445 481 2513 Clemens
517 2448 668 2533 legebant
706 2449 821 2531 αὐτός,
858 2447 944 2532 quod
981 2448 1078 2511 etiam
1114 2448 1265 2532 vulgatae
1302 2447 1373 2511 dem

198 2554 287 2618 varia
314 2554 452 2618 lectione
479 2576 545 2618 111
574 2554 727 2638 admissa,
755 2577 829 2617 nam
857 2576 929 2617 cum
957 2553 1191 2640 adsptcodicis
1214 2552 1254 2639 C,
1286 2551 1372 2637 Apo-

197 2661 296 2745 stolii,
318 2661 480 2725 lemmatis
504 2660 619 2724 scholii
641 2664 766 2745 pugnat
790 2660 890 2736 αὐτός
911 2659 1036 2724 libriD
1060 2664 1093 2724 11
1112 2658 1249 2724 Orionis.
1281 2659 1373 2724 Prae

198 2772 285 2832 terea
311 2767 392 2853 legit
420 2767 520 2844 αὐτός
548 2769 662 2831 auctor
683 2766 790 2850 Etym.
813 2765 994 2831 Florentini
1023 2790 1053 2850 p.
1073 2765 1130 2848 58,
1158 2766 1214 2850 qui
1240 2770 1373 2851 propter

198 2895 308 2938 vocem
331 2873 575 2960 ἀχρήιος11111
596 2877 628 2937 11
647 2877 834 2957 sequentem
852 2894 981 2937 versum
999 2873 1156 2957 laudavit,
1179 2894 1374 2957 quamquam

199 2981 338 3065 suspicio
362 2985 412 3045 est
434 3003 508 3045 eum
531 3003 589 3045 sua
612 2981 810 3064 excerpsisse
833 3002 872 3044 ex
896 2979 1027 3045 scholiis
1052 2977 1275 3044 Choerohosci.
1317 2977 1373 3043 Oe·

197 3091 302 3153 terum
330 3087 369 3151 cf.
398 3087 436 3151 de
463 3086 563 3164 αὐτός
590 3086 780 3172 Rzachium,
807 3085 939 3152 Dialekt
966 3110 996 3170 p.
1016 3087 1159 3151 427.1-
1187 3084 1237 3150 De
1258 3109 1288 3150 v.
1306 3086 1371 3150 297

198 3217 373 3260 consensus
396 3199 445 3260 est
467 3196 553 3260 inter
577 3217 695 3259 111111.

274 3301 337 3365 .Αά
368 3323 497 3366 versum
525 3302 589 3366 299
623 3302 713 3366 adest
744 3301 967 3366 testimonium
995 3300 1161 3366 Plutarchi
1194 3298 1247 3387 (de
1271 3298 1370 3365 Stoic.

198 3428 331 3492 repugn.
354 3430 384 3490 p.
406 3407 491 3472 1047
502 3408 525 3492 f,
547 3406 595 3488 VI
612 3431 643 3491 p.
659 3407 725 3472 254
733 3404 786 3493 Β),
813 3409 868 3490 qui
892 3408 1063 3492 exscripsit
1080 3408 1221 3491 priorem
1238 3412 1373 3492 partem,

198 3516 230 3577 et
249 3510 396 3597 Cornuti,
419 3514 475 3597 qui
497 3513 583 3578 hunc
606 3518 638 3577 et
662 3517 848 3597 sequentem
871 3536 999 3578 versum
1022 3519 1252 3580 commemorat
1274 3514 1372 3578 theol.

201 3616 252 3683 (111.
273 3640 297 3682 c.
311 3619 354 3682 28
375 3616 419 3704 (p.
438 3617 656 3706 58411119).
689 3618 813 3683 Neuter
837 3619 971 3683 discedit
995 3643 1013 3684 a
1035 3624 1126 3685 textu
1148 3621 1314 3685 librorum.
1330 3659 1372 3666 -

199 3725 262 3791 sed
284 3725 318 3789 in
339 3725 454 3790 Ι11300
477 3724 695 3789 adnotandum
719 3729 768 3789 est
787 3723 924 3790 Cornuti
947 3725 1152 3809 ἐυπλόκαμος
1177 3747 1237 3809 pro
1264 3725 1372 3791 ἐυστέ-

199 3856 314 3916 φανος.
359 3829 468 3916 Atque
498 3831 562 3895 nisi
592 3831 653 3896 hoc
685 3854 750 3896 uno
781 3832 853 3896 loco
886 3831 925 3895 ab
955 3830 1013 3894 illo
1041 3830 1248 3895 laudarentur
1275 3821 1373 3896 verba

198 3938 367 4022 Hesiodea,
390 3938 499 4002 nullus
522 3959 582 4023 ego
607 3938 788 4003 dubitarem
806 3939 889 4001 hanc
908 3936 1068 4020 praeferre
1086 3938 1257 4002 lectionem
1275 3941 1372 4022 atque

198 4046 283 4110 inter
305 4046 410 4110 varias
433 4045 591 4130 redigere3
612 4067 687 4109 nam
706 4049 755 4125 est
774 4043 1062 4129 exquisitissimum
1080 4044 1142 4109 hoc
1161 4042 1286 4109 Cereris
1305 4044 1372 4128 epi-

262 4273 266 4280 ¹
289 4312 315 4378 1)
334 4308 423 4375 Quem
440 4308 487 4363 hic
505 4327 591 4363 unum
610 4310 728 4378 advoco;
749 4327 815 4363 nam
833 4309 973 4380 Diogenes
993 4311 1022 4363 et
1040 4308 1224 4377 Themistius,
1244 4308 1268 4362 si
1285 4283 1371 4380 legis·

199 4401 262 4452 sent
280 4417 305 4453 v.
323 4405 384 4468 294,
403 4401 499 4453 tamen
517 4401 672 4469 potuerunt
685 4397 745 4453 sine
759 4397 819 4452 ulla
833 4397 1017 4453 adnotatione
1029 4398 1146 4452 laudare
1160 4397 1279 4452 Zenonis
1292 4397 1371 4451 testi-

200 4485 325 4540 monium
342 4487 594 4556 praetermittentis
612 4489 683 4542 haee
700 4487 800 4557 rerba,
818 4505 875 4542 non
892 4487 987 4557 potuit
1004 4486 1179 4541 Plutarchus.
