3342 5168
474 393 516 447 Do
536 354 671 464 empliore
690 392 758 448 olim
775 392 869 448 Procli
887 394 1095 451 commentario.
1325 396 1366 459 21

199 559 399 634 ἀιόωντες·
430 554 599 633 Ἡσίοδος·
632 557 672 621 τά
699 559 791 641 χείλη
819 566 991 634 κινοῦντες
1018 557 1082 623 ἀπὸ
1109 566 1168 642 τῆς
1194 560 1323 645 ψύχρας
1350 558 1370 642 ἣ

199 662 412 745 συνάγοντες·
440 661 541 745 ἣτάς
564 664 669 747 μύλας
692 663 944 747 συγκρούοντος.
991 663 1124 747 Κράτης
1146 666 1266 751 γράφει
1290 671 1370 749 μαλ-

198 773 361 845 κιόωντες.
399 771 489 834 ἔστιν
512 765 549 833 δέ
566 771 604 834 τὸ
625 769 680 834 διά
698 771 735 834 τὸ
755 778 861 852 ψῦχος
879 768 923 854 μὴ
943 771 1031 855 ἔχειν
1051 769 1210 859 εὐκινητφ
1231 772 1370 856 δυνάμει
1425 819 1428 824 -

198 877 394 961 χρήσασθαι.
440 873 544 951 Quid?
573 875 659 960 quod
686 876 721 939 in
744 875 877 939 scholiis
899 876 1017 940 vitiose
1041 879 1090 940 θεέ
1114 877 1271 959 scriptum
1290 875 1370 941 Ἰσο-

198 983 326 1067 κράτης,
350 980 489 1047 Orotetis
512 1004 631 1047 nomen
653 982 787 1046 debetur
809 983 867 1046 uni
890 981 1111 1067 Etymologo‘?

287 1086 427 1152 Aliunde
450 1110 580 1173 quoque
602 1089 678 1153 licet
701 1088 921 1153 demonstrare
938 1087 1047 1153 Procli
1071 1088 1193 1153 scholia
1211 1089 1288 1153 olim
1306 1090 1372 1173 ple

196 1194 289 1258 niore
311 1194 420 1260 fuisse.
456 1194 509 1259 Ad
531 1218 559 1259 v.
580 1195 645 1260 375
670 1193 714 1282 (p.
734 1193 814 1282 237)
834 1196 869 1259 in
885 1195 1063 1259 Proclianis
1083 1196 1262 1279 explicatur
1279 1217 1370 1260 voce-

197 1301 310 1365 bulum
329 1303 485 1386 φιλήτησι
503 1303 560 1388 ite,
578 1305 615 1365 ul
633 1324 673 1366 ne
692 1302 790 1367 verbo
809 1302 938 1386 quidem
955 1323 1142 1366 moneamur
1156 1303 1194 1367 de
1208 1304 1370 1387 scripture

200 1409 364 1492 φηλητησι
402 1407 575 1492 obsintque
611 1408 749 1473 eliorum
780 1412 950 1493 poetarum
982 1410 1135 1492 exemplo.
1185 1409 1300 1473 Tzeiza
1331 1409 1369 1472 de

196 1516 334 1597 utraque
363 1514 478 1579 sellem
505 1516 610 1579 forma
632 1515 729 1580 verba
751 1516 838 1580 facit.
884 1513 987 1591 Quam
1010 1519 1117 1579 autem
1140 1516 1268 1598 copiose
1291 1516 1369 1580 olim

197 1619 276 1684 haec
294 1620 361 1684 sint
380 1620 541 1706 exposita,
563 1621 657 1684 teslis
677 1624 726 1684 est
744 1620 951 1705 Eustachius,
971 1621 1027 1704 qui
1044 1620 1123 1685 haec
1141 1621 1239 1687 habet
1259 1621 1314 1709 (ud
1331 1621 1369 1687 Π.

197 1748 228 1809 p.
241 1724 381 1810 194‚313
400 1726 437 1789 cf.
453 1725 493 1789 nd
507 1722 620 1808 Odyss.
635 1748 664 1808 p.
676 1726 817 1812 1889,1;
836 1726 876 1790 ad
889 1724 925 1790 Il.
940 1748 970 1809 p.
988 1726 1150 1814 781,12.):
1170 1729 1215 1805 ὡς
1232 1731 1269 1794 τὸ
1287 1729 1368 1814 ὑφε-

199 1831 328 1914 λέσθαι,
342 1828 401 1915 ἀφ’
415 1827 456 1896 οὗ
472 1830 528 1896 καὶ
544 1833 604 1896 τὸν
617 1833 761 1915 φιλήτην
775 1832 965 1917 παράγονσί
976 1854 1082 1909 τινες
1098 1845 1174 1899 τῶν
1192 1840 1368 1901 παλαιῶν

197 1944 442 2023 σχοάιαστῶν
469 1947 539 2003 τοῦ
558 1936 760 2020 Ἡσιόδου,
789 1938 845 2002 ἴνα
867 1933 888 2024 ᾖ
912 1940 1052 2022 φιλητης
1075 1939 1093 2004 ό
1116 1941 1204 2026 παρὰ
1223 1938 1367 2030 Ἡσιόδῳ

196 2045 240 2129 μη
268 2044 332 2110 ἀπὸ
359 2054 420 2110 τοῦ
447 2049 543 2128 φηλῶ
571 2045 708 2128 φηλησω
737 2045 773 2109 τὸ
802 2044 928 2110 ἀπατῶ·
966 2046 1047 2111 αὐτὸ
1074 2047 1137 2132 γάρ
1164 2050 1276 2131 τρίτης
1299 2046 1367 2112 ἐστὶ

195 2159 253 2235 τῆς
280 2153 451 2234 συζυγίας,
474 2151 519 2227 ὡς
543 2152 641 2234 δηλοῖ
660 2152 749 2236 παρά
772 2155 967 2236 Λυκόφρονι
990 2153 1027 2216 τὸ
1051 2153 1208 2236 φηλώσας
1229 2157 1367 2238 πρόμον.

196 2261 229 2322 et
251 2281 280 2341 p.
298 2257 441 2340 781,13;
470 2258 523 2322 διὸ
542 2255 597 2323 καὶ
615 2259 652 2323 τὸ
672 2255 819 2322 (πέποιθ’
842 2258 898 2340 όγε
922 2258 1115 2342 φιλητησιν’
1135 2258 1176 2323 οὐ
1195 2259 1251 2323 διά
1268 2270 1328 2325 τοῦ
1346 2269 1368 2342 η’

196 2367 262 2448 ἔχει
289 2364 351 2447 την
378 2366 546 2450 άρχουσαν
574 2362 616 2429 έν
642 2375 728 2441 τοῖς
751 2360 959 2450 ἀκριβέσιν
982 2364 1261 2450 ἀντιγράφοις,
1284 2365 1367 2432 ἀλλά

198 2472 253 2536 διά
284 2481 344 2536 τοῦ
376 2473 467 2553 ἰῶτα,
494 2468 550 2534 καὶ
573 2470 670 2552 δηλοῖ
696 2470 758 2536 οὐκ
785 2469 958 2535 ἀπατεῶνα
986 2471 1031 2547 ὡς
1058 2470 1122 2536 ἀπὸ
1149 2481 1209 2536 τοῦ
1237 2477 1366 2556 φηλεῖν,

196 2577 279 2644 ἀλλά
292 2576 436 2659 κλέπτην
449 2578 537 2660 παρὰ
547 2578 584 2641 τὸ
598 2577 746 2660 ὑφελεῖν,
757 2576 802 2652 ὡς
817 2574 954 2659 ἑτέρωθι
969 2582 1164 2660 κρειττόνως
1177 2575 1366 2662 γέγραπται.

195 2683 282 2748 Haec
302 2683 410 2747 docuit
428 2681 591 2747 Usenerus
615 2683 734 2746 collato
759 2680 882 2746 scholio
901 2682 1019 2746 codicis
1036 2682 1238 2748 Monacensis
1258 2685 1366 2748 omnia

196 2790 236 2854 ed
253 2789 389 2854 verbum
406 2789 472 2853 fere
491 2811 530 2852 ex
548 2788 696 2853 uberiore
715 2787 839 2873 sylloge
851 2787 1095 2852 Proclienorum
1109 2790 1269 2872 exscripta
1288 2811 1364 2854 esse.

285 2894 463 2961 Conficitur
485 2917 546 2981 res,
570 2896 598 2960 si
620 2895 696 2960 licet
719 2917 757 2959 ex
780 2895 883 2978 ipsius
905 2893 1012 2958 Procli
1035 2895 1107 2958 aliis
1126 2896 1254 2978 scriptis
1273 2916 1366 2980 argu·

195 3006 304 3067 mente
335 3003 486 3086 proferre.
532 3001 632 3067 Velut
664 3024 745 3085 quae
776 3002 812 3065 in
841 3001 1092 3086 commentariis,
1125 3022 1207 3086 quos
1233 3001 1269 3065 in
1295 3000 1366 3066 Pla-

145 3100 147 3103 *
194 3111 284 3175 lonis
314 3106 559 3192 Poempublicam
595 3108 790 3193 composuit,
826 3108 865 3172 <le
897 3108 1068 3194 generibus
1099 3107 1248 3172 humanis
1282 3109 1366 3192 opud

194 3217 374 3282 Hesiodum
406 3213 602 3303 expmniffl),
635 3236 673 3279 es
703 3236 923 3299 comparemus
955 3236 1028 3279 oum
1058 3214 1251 3299 Proclianis‚
1284 3237 1365 3298 quae

194 3345 279 3388 nunc
320 3326 449 3387 exstant
485 3321 525 3387 ed
561 3322 668 3407 ipsum
704 3320 889 3385 Hesiodum.
941 3321 1016 3385 llrit
1052 3324 1160 3385 autern
1196 3321 1275 3385 setis
1312 3344 1365 3404 ap-

195 3450 314 3515 ponere
340 3429 431 3494 haec:
464 3428 482 3496 ό
505 3425 567 3513 μέν
589 3431 751 3510 δεολόγος
770 3425 908 3513 Ὀρφεὺς
929 3430 1005 3511 τρία
1027 3427 1107 3510 γένη
1130 3425 1365 3512 παραδέδωκεν

195 3536 399 3622 ἀνθρώπων·
440 3547 572 3619 πρῶτον
609 3531 670 3619 μέν
705 3536 742 3599 τὸ
777 3545 943 3620 χρυσοῦν,
979 3535 1058 3620 ὅπερ
1090 3535 1274 3617 ὑποστῆσαι
1305 3535 1365 3599 τὸν

198 3641 335 3723 Φάνητά
366 3659 483 3725 φησιν·
521 3642 677 3725 δεύτερον
708 3642 746 3706 τὸ
777 3641 965 3727 ἀργυροῦν,
996 3634 1023 3728 ςό
1051 3656 1155 3725 φησιν
1181 3639 1278 3725 ἀρξαι
1305 3642 1365 3706 τόν

196 3745 353 3831 μέγιστον
380 3749 527 3830 Κρόνον·
564 3751 678 3833 τρίτον
708 3743 745 3812 δέ
772 3748 954 3831 τιτανικόν,
985 3746 1005 3811 ό
1030 3762 1134 3830 φησιν
1162 3745 1198 3809 έκ
1224 3757 1291 3811 τῶν
1317 3769 1364 3810 τι-

195 3862 339 3918 τανικόιν
375 3857 485 3935 μελῶν
520 3854 579 3918 τὸν
615 3857 683 3918 Δία
716 3853 957 3934 συστήσασθαι·
1000 3852 1185 3932 συννοήσας
1219 3850 1264 3926 ὡς
1294 3862 1367 3927 τοῖς

195 3955 305 4045 τρισὶν
341 3958 432 4043 ὅροις
464 3959 595 4035 τούτοις
625 3968 692 4023 πᾶν
724 3954 813 4034 εἶδος
843 3955 1027 4041 περιέχεται
1058 3965 1116 4039 τῆς
1148 3955 1365 4041 ἀνθρωπίνης

196 4068 287 4148 ζωῆς.
332 4063 353 4147 ἢ
381 4065 443 4149 γάρ
471 4066 591 4147 νοερόν
619 4063 688 4129 ἐστι
715 4062 770 4129 καὶ
797 4070 909 4145 θεῖον,
936 4062 1049 4139 αὐτοῖς
1075 4074 1145 4139 τοῖς
1171 4062 1365 4146 ἀκροτάτοις

195 4182 263 4236 τῶν
290 4173 397 4236 όντων
426 4167 659 4256 ἐνιδρυμένον,
686 4169 707 4253 ἢ
734 4171 816 4255 πρὸς
844 4167 941 4235 έαυτδ
970 4167 1188 4255 έπέστραπται
1214 4168 1269 4234 καὶ
1292 4180 1366 4234 νοεῖ

286 4418 312 4485 1)
330 4415 435 4471 Anecd.
458 4414 540 4471 varic
564 4433 605 4485 gr.
625 4417 654 4470 et
674 4412 724 4471 lab,
748 4416 790 4469 ed.
813 4415 847 4471 R.
867 4415 978 4470 Schoell
1001 4417 1030 4470 et
1048 4414 1080 4471 G.
1100 4414 1275 4470 scudemuno
1294 4418 1362 4469 1886

195 4507 221 4562 Π
237 4525 266 4576 p.
280 4511 314 4562 38
324 4523 384 4574 sqq.
