3342 5168
582 339 624 393 De
643 339 761 394 Tzetzae
780 339 949 395 scholiorum
966 341 1052 397 fonte.
1356 345 1399 409 45

231 496 268 565 dd
292 500 385 566 doust
405 501 527 577 ταύτας
550 498 674 588 ἑτέροις
696 514 937 587 νυμφαγογείν,
960 503 1020 588 οὐχ
1044 494 1159 589 οἷσπερ
1177 513 1280 570 ταῦτα
1297 528 1401 592 παρα-

229 608 406 672 κελεύεται.
454 611 541 673 πολὺ
570 607 859 695 παρηίικεστέροις
886 611 949 695 γάρ
976 609 1087 675 αὐτῶν
1114 610 1254 697 ἀνδράσι
1281 614 1403 691 ταύτας

230 713 409 778 συνάπτων
436 712 657 799 άφνβρικέναι
684 713 865 800 μονονουχὶ
892 716 1014 794 ταύτας
1040 719 1295 802 παρακελεύεται
1318 721 1402 805 πρὸς

230 820 289 896 τάς
315 821 443 884 τούτων
473 820 579 897 εὐνάς.
625 823 746 906 μικρὸν
773 822 836 907 γάρ
863 822 942 905 ἤδη,
969 823 1024 888 καί
1052 823 1088 887 οί
1112 819 1173 908 μὲν
1199 822 1318 901 τελέως
1345 850 1402 909 γη-

230 925 390 1011 ράσαντες
418 924 680 1010 άσθενήσουσιν,
710 929 748 992 αί
774 924 811 993 δὲ
837 929 920 1013 πρὸς
942 930 980 993 τὸ
1004 939 1170 1014 σφριγοῦν
1192 939 1250 1013 τῆς
1272 930 1402 1014 ἡλικίας

229 1030 492 1118 άναδραμοῦσαι,
514 1032 576 1116 την
599 1031 761 1120 άνδρικην
783 1034 924 1120 τριβάδα
948 1034 1074 1101 ὁπόθεν
1095 1038 1266 1118 γενήσεται
1285 1038 1402 1114 αὑταῖς

229 1141 484 1221 μηχανήσονται.
529 1140 785 1225 παρακελεύεται
808 1136 846 1206 δὲ
868 1142 928 1207 τὸν
950 1142 1069 1225 γάμοις
1091 1145 1401 1229 συναρμοττόμενον

227 1240 283 1308 καὶ
310 1243 483 1330 παρθένον
511 1246 695 1330 λαμβάνειν
721 1244 775 1311 καὶ
799 1249 830 1310 ιε
852 1249 991 1332 χρόνων.
1038 1245 1110 1333 ε’μοὶ
1134 1245 1171 1314 δὲ
1194 1249 1401 1336 διηπόρηται,

229 1351 260 1414 εί
281 1347 336 1414 καὶ
359 1360 417 1434 τῆς
439 1349 591 1438 μητρῴας
613 1353 737 1435 νηδύος
760 1352 913 1439 παρθένα
936 1362 1000 1418 νῦν
1021 1352 1076 1419 καὶ
1095 1356 1217 1420 άσπιλα
1236 1357 1275 1420 τά
1294 1357 1401 1439 θήλεα

227 1459 378 1521 τίκτεται.
425 1455 478 1522 ἐπὶ
502 1456 673 1548 ὡρισμένῳ
697 1455 734 1524 δὲ
752 1469 855 1547 καιρῷ
874 1457 929 1525 καὶ
949 1459 1137 1543 ἐπιτηδείου
1155 1464 1279 1547 χρόνου
1297 1462 1401 1549 ὑπάρ-

227 1585 300 1646 χον,
323 1560 343 1644 δ
368 1562 531 1648 άρμοδίου
554 1566 686 1651 χρόνον.
723 1564 743 1647 ἡ
767 1561 804 1630 δὲ
827 1566 912 1649 γυνη
936 1570 1106 1652 γαμείσθω
1127 1569 1207 1652 μετά
1225 1569 1287 1650 τὴν
1304 1569 1401 1653 ἥβην,

229 1670 301 1745 ἔτος
314 1667 463 1753 πέμπτον
477 1673 599 1755 ἔχουσα
612 1677 680 1738 κτλ.
712 1669 862 1756 Undique
876 1671 1051 1738 destitutus
1066 1673 1144 1757 quid
1157 1673 1255 1738 feeit?
1279 1671 1401 1739 Contra

227 1772 407 1840 Hesiodum
429 1777 537 1861 ipsum
560 1777 732 1863 pugnavit,
759 1799 870 1842 unum
895 1800 1015 1843 annum
1037 1777 1178 1866 (tantine
1204 1779 1266 1845 hoo
1292 1779 1399 1869 erati)

227 1879 349 1945 addidit
387 1883 486 1948 aetati
523 1884 563 1948 ab
600 1883 658 1948 illo
691 1884 897 1949 constitutae
945 1885 1055 1950 Talem
1086 1907 1160 1950 eum
1190 1886 1399 1971 interpretem

227 2008 352 2071 semper
376 1988 528 2075 invenies,
550 1990 745 2075 ubicumque
762 1990 869 2055 Prooli
892 1990 1064 2056 defecerint
1088 1992 1210 2057 scholia
1232 1994 1400 2058 stratoris

225 2093 421 2177 interpretis.
468 2093 595 2171 Quanta
632 2100 738 2162 autem
774 2098 810 2161 in
845 2098 917 2182 ipso
954 2097 1053 2162 fuerit
1089 2098 1136 2164 rei
1172 2101 1399 2185 grammaticae

225 2199 355 2288 peritia,
383 2201 451 2265 eius
480 2203 528 2266 roi
560 2207 750 2288 argumento
778 2202 835 2289 sit,
863 2204 949 2288 quod
972 2208 1021 2269 est
1045 2204 1085 2269 ad
1102 2228 1132 2270 v.
1151 2207 1216 2271 696
1239 2202 1285 2293 (p
1304 2205 1399 2294 379):
1483 2226 1485 2229 ’

225 2306 269 2389 μη
296 2307 426 2392 γράψῃς
454 2308 691 2395 (τριηκόντων,
720 2316 784 2376 sira
803 2308 965 2376 Ἡσιόδου
993 2317 1058 2376 είτε
1085 2315 1333 2399 μεταγραφικὸν
1360 2317 1398 2381 τὸ

224 2425 369 2498 πταῖσμα
405 2416 577 2500 τυγχάνει,
613 2416 696 2482 ἀλλὰ
732 2419 918 2503 τριήκοντα.
968 2426 1070 2482 πάσα
1107 2420 1178 2506 γάρ
1212 2421 1322 2504 φωνὴ
1353 2423 1397 2486 τδι

225 2521 313 2606 τριδι
336 2519 429 2604 γένη
454 2526 700 2607 σημαίνουσα
724 2521 765 2588 ἐν
788 2531 856 2610 μιᾷ
880 2522 983 2601 λέξει
1001 2525 1161 2602 άκίιτός
1180 2523 1299 2592 ἐστιν·
1323 2518 1398 2593 οἷον

224 2626 417 2712 τριάκοντα,
448 2630 667 2711 πεντήκοντα,
695 2626 751 2693 καὶ
778 2628 898 2706 πάντες
926 2630 962 2694 οί
986 2631 1133 2716 άριθμοι.
1180 2631 1306 2718 ὥσπερ
1333 2632 1397 2698 καὶ

135 2816 138 2822 4
224 2733 266 2796 τὸ
291 2731 379 2816 ἐγώ,
402 2734 463 2817 σά,
487 2731 573 2818 ἐμοὶ
595 2732 659 2799 καὶ
682 2736 726 2799 τά
750 2734 873 2819 ὁμοῖα.
910 2726 961 2812 οἷς
984 2732 1021 2801 δὲ
1039 2737 1205 2820 βουλητὸν
1222 2737 1397 2822 ἀποπηδᾶν

224 2849 292 2903 τῶν
315 2837 403 2923 ἐμῶν
426 2841 535 2922 λόγων
557 2839 777 2927 γραφέτωσαν
798 2845 1003 2926 τριακόντων
1020 2840 1075 2907 καὶ
1093 2846 1324 2926 πεντηκόντων
1341 2844 1396 2911 καὶ

225 2943 409 3028 ἑξηκόντων
440 2944 494 3010 καὶ
523 2944 723 3031 ἕκατόντων,
750 2950 781 3013 εί
808 2946 1026 3036 βούλοιντοά)
1073 2945 1134 3013 Sed
1164 2950 1241 3014 nolo
1274 2949 1395 3016 diutius

223 3053 345 3116 versari
368 3052 403 3136 in
425 3074 460 3116 re
482 3054 666 3119 manifesta:
691 3054 803 3119 debuit
825 3054 958 3120 Tnetnae
986 3055 1110 3120 omnia
1138 3077 1196 3121 sua
1223 3054 1288 3144 (res
1315 3057 1396 3146 dieo,

222 3180 290 3223 non
311 3156 435 3246 verba),
458 3181 675 3245 quaecumque
698 3162 833 3227 alieuius
853 3165 928 3225 sunt
946 3163 1053 3248 pretii,
1076 3161 1206 3227 scholiis
1222 3165 1395 3231 veteribus.

312 3263 404 3330 Unus
438 3267 568 3331 omnino
601 3271 650 3331 ost
682 3267 785 3355 loeus,
816 3268 873 3332 ubi
906 3269 978 3352 quis
1009 3269 1045 3332 in
1072 3269 1306 3336 dubitationem
1332 3271 1395 3337 hoo

222 3372 399 3458 vocaverit,
429 3372 547 3457 quippe
574 3373 609 3437 in
636 3395 700 3457 quo
723 3372 923 3458 Byzantinus
947 3375 1104 3459 interpres
1127 3398 1199 3441 oum
1222 3377 1394 3443 abhorreat

223 3478 263 3542 ab
287 3479 553 3562 interpretatione
580 3478 763 3567 Proelium,
789 3480 893 3546 nihilo
917 3482 1024 3546 minus
1048 3486 1080 3547 et
1107 3482 1235 3567 copiose
1262 3489 1294 3549 et
1321 3506 1394 3550 oum

223 3584 331 3648 fruotu
359 3584 509 3669 disputet.
555 3585 700 3651 Pertinet
727 3586 806 3652 haee
833 3588 1060 3672 interpretatio
1088 3588 1127 3653 ad
1154 3588 1334 3656 Pandoram
1361 3595 1393 3655 ot

313 3814 339 3881 1)
357 3812 396 3866 Ut
415 3811 558 3883 digamma
576 3832 658 3868 suum
675 3813 722 3869 hio
740 3831 851 3884 quoque
869 3813 996 3883 haberet,
1014 3815 1194 3885 praeferebat
1211 3815 1245 3870 H.
1259 3816 1392 3872 Flaohius

222 3899 341 3953 formam
360 3918 377 3955 a
393 3901 496 3955 Tzetza
510 3903 736 3957 commendatam
750 3906 848 3958 eontra
862 3902 1061 3957 auctoritatem
1075 3903 1244 3973 optimorum
1257 3903 1393 3960 librorum

222 3990 251 4042 et
272 4004 450 4059 papyrorum.
489 3990 600 4059 Optime
623 3994 722 4045 contra
745 4008 808 4046 oum
832 3989 989 4060 disputavit
1011 3991 1155 4046 Hartolius
1178 3991 1328 4061 „Zeitsohr
1347 3995 1393 4047 fiir

222 4079 319 4132 ostem.
344 4077 552 4147 Gymn.“1876
575 4096 601 4148 p.
622 4085 673 4133 640
684 4096 724 4147 sq.
767 4079 806 4134 cf.
831 4079 919 4144 etiam
941 4079 1095 4134 Rzaohium
1118 4081 1186 4151 „der
1202 4081 1320 4136 Dialelrt
1342 4083 1391 4137 des

221 4165 304 4220 Hes.“
323 4165 354 4219 in
372 4166 547 4220 Jahrbuohor
564 4167 610 4219 fr‘lr
628 4166 677 4221 Ph.
698 4167 788 4237 suppl.
803 4168 874 4224 VIII.
892 4173 959 4222 1876
978 4187 1005 4240 p.
1023 4176 1076 4224 424
1095 4170 1269 4239 eundemque
1286 4170 1318 4224 in
1341 4188 1391 4242 ap-

221 4256 323 4322 paratu
347 4254 445 4309 critico
464 4255 501 4308 ad
519 4255 594 4308 huno
612 4271 724 4309 versum
742 4255 772 4309 in
791 4256 915 4312 editione
935 4263 1011 4312 1884.
1049 4259 1198 4314 Praeterea
1217 4258 1282 4314 ride
1299 4259 1391 4314 Rooh-

221 4340 292 4396 lium
315 4343 399 4398 Insor.
423 4360 515 4414 graec.
539 4343 627 4412 antiq.
647 4349 698 4398 381
719 4362 741 4399 a.
757 4345 783 4398 d.
803 4345 894 4414 Etym.
912 4346 1005 4416 Magn.
1025 4365 1052 4416 p.
1068 4352 1134 4423 290,
1149 4353 1191 4403 51.
1217 4348 1331 4405 Anthol.
1348 4354 1390 4422 14,

221 4435 246 4504 3,
262 4436 285 4487 9.
307 4437 367 4501 123,
383 4438 416 4485 13
431 4435 485 4487 ete.
