3342 5168
294 306 336 369 38
454 304 495 357 De
515 299 629 355 scholiis
649 315 683 353 ex
699 297 792 352 Procli
810 299 839 352 et
851 295 962 351 Veteris
982 295 1128 348 comment.
1144 290 1300 361 exscriptis.

295 466 477 551 corruptela
503 466 594 550 insit,
623 485 703 547 quae
731 465 840 526 tamen
862 458 1043 543 corruptela
1064 478 1131 521 non
1153 454 1281 520 tollitur
1302 454 1367 518 leni
1391 475 1463 518 oon-

295 577 426 640 iectura.
463 571 525 648 Qui
543 574 650 635 autem
670 591 781 634 sensus
797 568 905 652 tuerit,
924 563 1073 630 discimus
1091 586 1108 628 6
1127 561 1258 628 scholiis
1277 562 1317 626 ad
1330 561 1464 626 Homeri

294 680 442 765 iliadem,
473 700 611 761 quorum
643 676 828 740 auctoribus
860 673 987 738 eosdem
1013 672 1080 735 fere
1106 670 1212 734 fontes
1239 669 1339 733 fuisse
1367 671 1463 752 atque

295 786 371 852 huic
392 787 506 850 nostro
529 783 698 867 interpreti
721 782 805 846 infra
828 778 1109 845 demonstrabitur.
1150 774 1464 860 1111031636-

296 897 350 958 tur
378 892 456 956 illic:
487 892 545 956 τὸν
574 886 610 955 δὲ
630 887 714 966 Ἰοῦς
737 890 841 974 ἔρωτα
865 886 925 952 οὐκ
948 880 1040 951 οἶδεν
1063 884 1080 950 ὁ
1104 884 1255 967 ποιητής,
1282 880 1463 947 πέπλασται

297 998 334 1066 δὲ
351 1011 435 1075 τοῖς
453 994 663 1081 νεωτέροις
680 997 720 1060 τά
738 992 813 1080 περὶ
823 992 956 1080 ’Ἀργοα
991 990 1197 1057 Recentiores
1215 989 1317 1075 igitur
1330 991 1464 1072 poetae

296 1106 353 1171 illo
376 1106 447 1170 loco
472 1103 726 1189 appellabantur,
747 1122 814 1165 non
837 1098 1046 1186 grammatici.

864 1294 894 1361 4.

388 1422 480 1500 Quod
515 1425 642 1506 praeter
677 1421 748 1504 ipsa
785 1418 906 1484 scholia
942 1423 1010 1484 tam
1046 1419 1152 1503 ampla
1188 1422 1238 1483 est
1270 1418 1354 1503 apud
1386 1419 1466 1486 alios

298 1530 416 1596 veteris
448 1529 537 1593 illius
569 1528 732 1592 doctrinae
763 1527 931 1613 memoria,
961 1527 1051 1591 nullo
1084 1525 1179 1591 modo
1212 1526 1284 1591 inde
1316 1526 1467 1591 debemus

299 1636 486 1702 concludere
519 1656 711 1719 quemquam
739 1656 777 1698 ex
811 1656 921 1698 eorum
951 1615 1098 1719 numero,
1126 1655 1207 1718 quos
1235 1633 1468 1721 advocavimus,

212 1745 216 1750 ’
298 1744 494 1828 integrum
526 1746 582 1807 aut
613 1740 720 1806 Procli
749 1744 806 1804 aut
837 1740 955 1804 veteris
987 1739 1173 1823 interpretis
1205 1740 1468 1805 commentarium

300 1917 514 1986 emendandum,
538 1916 716 1972 scribendum
739 1917 783 1969 cst
805 1914 835 1968 in
857 1914 955 1984 primis
978 1913 1085 1969 verbis:
1106 1911 1299 1986 Ἀργειφόντης
1321 1913 1353 1969 δὲ
1374 1913 1468 1982 11τοιό

299 2006 385 2077 ἀργός
408 2003 508 2076 φόνον,
533 2004 672 2074 εἰρηνικὸς
694 2004 747 2074 γὰρ
766 2008 821 2057 κτλ.
860 2002 957 2058 Simile
980 2001 1049 2071 quid
1073 2003 1289 2058 commendabat
1310 2003 1368 2058 iam
1385 2004 1468 2058 Hem-

300 2093 454 2149 sterhusius
469 2094 506 2147 ad
517 2094 673 2148 Lucianum
686 2094 699 2146 I
711 2112 738 2162 p.
749 2097 809 2147 489.
830 2090 939 2146 Heinsii
953 2091 1114 2147 coniectura
1123 2092 1240 2162 (tradita
1256 2092 1286 2145 in
1301 2092 1469 2148 scholiorum

301 2183 368 2238 edit.
389 2181 528 2236 (iaisford.
548 2200 575 2234 n.
595 2184 653 2251 52):
672 2177 864 2250 Ἀργειφόντης
882 2178 914 2233 δὲ
932 2179 995 2247 ἤτοι
1013 2179 1028 2234 δ
1048 2180 1197 2250 ἐναργῶς
1215 2189 1350 2250 φωνῶν·
1371 2182 1469 2252 ἑρμη-

300 2270 459 2333 νεντικός
477 2269 540 2340 γάρ
559 2273 614 2325 κτλ,
635 2272 709 2324 61616
727 2285 785 2323 non
802 2270 904 2339 potest,
923 2267 991 2336 quia
1009 2268 1110 2322 huius
1130 2268 1343 2340 significationis
1361 2271 1470 2326 nullum

300 2359 452 2429 vestigium
469 2358 622 2428 reperimus
641 2357 686 2412 161
700 2358 731 2411 in
743 2357 914 2427 plenissimis
931 2357 1065 2412 fontibus.
1095 2358 1172 2424 Quae
1187 2359 1291 2413 similia
1304 2359 1407 2415 Tzetza
1420 2361 1470 2414 ha-

300 2449 366 2503 bere
385 2448 537 2516 videtur,
557 2464 590 2501 ea
609 2465 673 2501 oum
692 2445 813 2501 eProcli
832 2446 946 2501 scholiis
964 2446 1078 2502 fluxisse
1097 2448 1388 2518 demonstraverimus,
1408 2467 1470 2504 cum

300 2537 345 2592 his
360 2555 416 2592 non
436 2538 501 2590 sunt
518 2536 719 2606 permiscenda.
748 2535 843 2590 Etiam
860 2537 926 2605 post
940 2534 1048 2600 Νέσσος
1066 2536 1098 2591 δὲ
1118 2537 1132 2592 δ
1146 2542 1214 2601 Χῖος
1228 2537 1414 2608 supplendum
1428 2542 1471 2594 est

301 2625 452 2694 διάκτορον
471 2623 551 2695 λε’γει.
585 2625 622 2679 Et
641 2642 703 2679 cum
721 2624 765 2679 his
785 2624 1107 2680 601161661111616111111111
1125 2627 1163 2681 ad
1176 2627 1208 2682 ll.
1222 2647 1249 2697 p.
1262 2633 1347 2697 182,8
1363 2627 1420 2682 ἔστι
1439 2627 1470 2683 δὲ

301 2715 449 2784 διάκτορος
467 2712 549 2785 ptuit
569 2714 584 2768 ό
599 2714 736 2782 διάτορος,
757 2709 844 2768 ὅέστι
863 2714 956 2785 σαφὴς
975 2715 1005 2770 ἐν
1018 2725 1080 2778 ταῖς
1094 2714 1246 2786 ἀγγελίαις·
1265 2716 1349 2785 τορὸν
1367 2717 1420 2787 γάρ
1439 2717 1470 2772 τὸ

300 2803 400 2875 πρανὲς
414 2804 463 2858 καὶ
473 2800 573 2872 σαφές
589 2800 606 2870 ἢ
622 2802 715 2857 tuest
729 2811 811 2857 τοῦτο
827 2802 943 2873 άγγελος
956 2803 1013 2858 άπὸ
1027 2812 1076 2858 τοῦ
1092 2803 1149 2875 άγω
1165 2804 1193 2871 ἐξ
1208 2800 1241 2860 οὗ
1256 2807 1304 2860 καὶ
1319 2805 1333 2860 δ
1349 2805 1469 2877 ἄγγελος.

302 2890 417 2965 άγγελός
439 2911 468 2946 τε
492 2890 546 2961 γὰρ
565 2890 690 2945 ἀπὸτοῦ
710 2891 789 2961 άγειν
808 2892 942 2960 φαίνεται
963 2890 1095 2961 γίνεσθαι
1113 2895 1162 2947 καὶ
1180 2893 1302 2963 διάκτωρ
1320 2893 1352 2949 δὲ
1372 2893 1472 2965 ὁμοίως

301 2982 428 3036 ἀπὸτοῦ
448 2980 519 3050 άγω,
546 2978 637 3048 ὥσπερ
661 2980 718 3034 ἀπὸ
741 2988 791 3034 τοῦ
814 2977 883 3050 λέγω
906 2978 1008 3050 λέκτωρ
1031 2983 1080 3035 καὶ
1102 2979 1232 3050 ἀλέκτωρ.
1268 2983 1300 3037 τὸ
1324 2981 1355 3037 δὲ
1380 2983 1471 3051 άκτωρ
1525 3032 1527 3035 ,

304 3068 404 3124 κλιθέν
424 3069 463 3130 εἰς
481 3069 533 3138 τὴν
552 3067 670 3136 άκτορος
688 3068 802 3138 γενικὴν
820 3067 956 3138 πεποίηκε
970 3078 1003 3141 τῇ
1023 3070 1063 3133 εἰς
1081 3071 1171 3142 ἀρχὴν
1189 3073 1335 3144 άναδρομῇ
1355 3073 1473 3129 ebrietur

302 3158 354 3227 τὴν
378 3157 393 3211 ό
417 3155 565 3225 διάκτορος
588 3155 649 3223 ἤτοι
673 3155 687 3210 ό
711 3156 834 3228 άγγελος.
870 3158 947 3212 Haec
970 3176 1081 3227 quoque
1105 3176 1138 3214 ex
1162 3162 1260 3215 eodem
1282 3162 1360 3217 fonte
1385 3161 1472 3217 fuisse

301 3264 359 3301 non
378 3247 489 3300 tantum
507 3245 639 3299 vicinitas
658 3262 761 3315 corum,
780 3262 852 3315 quae
872 3264 955 3316 supra
968 3248 1171 3318 proposuimus,
1190 3266 1287 3304 verum
1305 3250 1392 3304 ctiam
1410 3252 1472 3322 ipsa

302 3335 376 3390 ratio
405 3334 548 3389 tractandi
575 3334 689 3404 probat,
723 3336 923 3405 confirmatque
951 3336 1038 3390 etiam
1064 3338 1258 3393 testimonium
1284 3339 1472 3413 Etymologici

303 3423 435 3492 Gudiani,
453 3423 483 3476 in
502 3440 557 3492 quo
576 3422 708 3494 leguntur
725 3427 761 3494 (p.
779 3431 837 3494 143,
853 3428 910 3495 39):
930 3427 1124 3494 διάκτορος·
1143 3426 1205 3494 ἤτοι
1224 3429 1355 3498 διάγορος
1373 3428 1422 3482 διὰ
1440 3429 1472 3484 τό

302 3511 397 3584 λόγιον
417 3507 503 3566 εἶναι·
523 3509 540 3580 ἢ
559 3511 637 3581 παρὰ
655 3512 687 3566 τὸ
706 3512 779 3583 άγω,
802 3512 873 3582 άξω,
898 3513 1001 3584 άκτωρ,
1026 3515 1167 3586 άγγελος
1185 3516 1246 3586 γὰρ
1265 3526 1329 3572 τῶν
1347 3521 1437 3573 θεῶν
1457 3518 1471 3572 ὁ

299 3600 431 3670 Ἑρμῆς.
469 3599 617 3664 διάκτορος
643 3604 807 3675 πλεονασμῷ
834 3610 885 3656 τοῦ
912 3609 942 3655 ἦ·
971 3601 1101 3672 διάτορος
1128 3603 1189 3674 γάρ.
1226 3606 1259 3659 In
1285 3605 1343 3659 illis
1370 3605 1472 3675 verbis,

303 3705 376 3758 quae
395 3688 497 3744 clarius
521 3687 638 3758 exprimi
660 3688 730 3742 iussi
753 3693 782 3743 et
804 3706 877 3758 quae
899 3707 958 3760 per
981 3708 1015 3745 sc
1038 3691 1110 3745 nihil
1132 3692 1276 3762 pertinent
1298 3694 1335 3747 ad
1353 3693 1471 3762 lexicon,

302 3778 438 3834 habemus
457 3777 655 3848 gravissimum
673 3783 877 3849 argumentum,
899 3796 960 3834 esse
978 3780 1081 3834 veteris
1100 3781 1261 3851 interpretis
1280 3782 1350 3837 haec
1369 3783 1471 3838 omnia.

302 3869 362 3922 Hoc
380 3867 426 3921 vel
443 3866 536 3937 magis
555 3866 690 3937 elucebit,
717 3868 741 3921 si
758 3868 811 3923 illa
830 3886 894 3923 cum
911 3868 955 3923 his
974 3870 1150 3940 Moschopuli
1170 3872 1207 3925 ad
1224 3890 1250 3926 v.
1266 3877 1299 3927 68
1318 3876 1354 3941 (p.
1370 3877 1412 3942 91,
1429 3876 1473 3942 11)

302 3956 521 4027 comparaveris:
541 3955 700 4025 διάκτορος,
721 3956 735 4011 ό
755 3955 953 4028 μεγαλόφωνος
970 3961 1006 4027 (1).
1040 3959 1185 4026 πλεονάζει
1204 3958 1232 4014 δ’
1254 3956 1285 4016 ἑν
1303 3962 1378 4034 αὐτῷ
1397 3961 1428 4015 τὸ
1446 3967 1472 4030 Ξ,

303 4044 394 4114 ὥσπερ
418 4045 448 4099 ἐν
471 4050 508 4118 τῷ
532 4044 716 4115 άλακτοπὲδιγ.
754 4046 786 4100 τὸ
805 4045 856 4117 μὲν
874 4047 928 4117 γὰρ
951 4047 1009 4102 ἀπὸ
1032 4056 1082 4103 τοῦ
1103 4047 1245 4118 διάτορον,
1265 4049 1279 4104 ὁ
1298 4047 1408 4120 λέγεται
1427 4045 1473 4104 ἐπὶ

304 4141 400 4202 φωνῆς
424 4128 538 4188 ἒντόνοο
560 4135 608 4187 καὶ
626 4134 751 4204 ἰσχυρᾶς
778 4135 809 4190 τὸ
829 4133 860 4189 δὲ
880 4135 1004 4191 ἀπὸτοῦ
1024 4135 1338 4207 άλντοςκαὶτὸπέδη.
1374 4136 1473 4208 Ἀργει-

303 4220 409 4291 φόνττγς
423 4219 454 4275 δὲ
469 4225 525 4275 κτλ.
549 4222 581 4275 In
594 4222 790 4294 Etymologico
805 4224 909 4294 Magno
924 4228 959 4295 (p.
976 4231 1036 4295 268,
1053 4230 1097 4297 16)
1112 4229 1178 4282 sunt
1192 4227 1339 4296 quaedam,
1354 4243 1472 4295 quorum

304 4309 403 4364 eadem
427 4309 505 4380 origo
528 4310 597 4378 quin
619 4310 716 4381 tuerit,
745 4311 869 4366 dubitari
892 4312 1002 4383 nequit,
1027 4314 1076 4368 sed
1099 4313 1262 4369 alisatiam
1284 4313 1414 4385 plurima,
1438 4314 1473 4369 de

304 4397 406 4467 quibus
424 4398 455 4452 id
472 4415 522 4468 pro
542 4401 618 4457 certe
636 4417 694 4454 non
713 4401 803 4455 ausim
822 4401 968 4458 affirmare.
