3366 5168
301 313 365 378 134
496 309 649 367 Aristonici
667 308 731 380 περὶ
751 305 871 380 σημείων
889 316 939 364 τοῦ
954 306 1085 364 Ἡσιόδου
1103 307 1270 379 fragmenta.

299 476 515 558 1010101010,
542 473 598 539 sed
620 474 655 537 in
678 472 827 537 omnibus
850 471 944 536 libris
973 471 1113 537 traditur
1144 471 1255 536 statim
1286 475 1361 555 post
1392 470 1471 535 haec

244 561 247 566 .
302 583 400 649 verba
433 579 647 646 Choerobosci
680 579 871 663 disputatio,
899 600 963 663 qua
995 578 1103 643 studet
1136 578 1302 642 ostendere
1325 577 1410 642 inter
1438 599 1471 642 se

300 710 374 754 non
405 708 550 773 pugnare
581 686 769 771 χειροδίκας
801 679 887 750 εἶναι
920 689 952 749 01
986 686 1083 769 δίκην
1115 683 1152 750 ἐν
1182 681 1267 769 χειρὶ
1299 684 1343 769 μὴ
1376 686 1471 768 ἔχειν.

301 794 394 860 Ηο00
421 791 720 877 interpretationem
747 789 875 856 videtur
898 812 974 855 sane
997 790 1221 869 daturusncn
1242 790 1352 878 101000,
1374 792 1403 855 01
1426 791 1472 856 10-

301 899 442 965 venisset
470 899 505 964 in
531 899 621 963 fonte
650 919 722 963 suo:
758 897 808 963 ὅτι
836 898 971 983 μάχεται
999 901 1032 962 01
1058 898 1234 963 iteratum.
1287 896 1373 964 Nam
1399 920 1472 962 nus-

302 1029 399 1091 quam
430 1005 567 1091 ambigit
598 1026 672 1070 cum
699 1001 941 1091 Alexandrinis,
973 1003 1028 1068 sed
1060 1026 1184 1089 semper
1217 1026 1271 1068 eos
1302 1004 1472 1090 diligenter

302 1114 454 1198 sequitur.
501 1111 615 1197 Itaque
637 1110 747 1196 potius
769 1109 831 1175 hoc
854 1132 982 1196 quoque
1004 1110 1076 1176 loco
1099 1133 1173 1176 eum
1196 1111 1401 1196 exscripsisse
1423 1133 1472 1176 ve-

303 1220 436 1286 terrima
465 1218 587 1284 scholia
609 1216 799 1282 credendum
822 1223 880 1282 est.
926 1216 1009 1281 Tum
1032 1217 1165 1282 sanein
1187 1217 1252 1283 illis
1276 1218 1326 1284 ὅτι
1350 1219 1391 1283 οὐ
1413 1220 1473 1303 μά-

301 1349 391 1413 χεται
419 1324 597 1390 0000000110
624 1323 801 1418 legebatur.
847 1321 960 1407 Neque
982 1323 1041 1388 has
1065 1327 1196 1409 argutas
1220 1325 1416 1390 differentias
1439 1327 1473 1391 in

302 1432 467 1498 vocabulis
481 1430 730 1514 interpretandis
749 1429 969 1495 observavisse
983 1433 1016 1494 et
1029 1426 1253 1497 Aristarchum
1268 1437 1300 1497 et
1314 1430 1473 1499 Aristoni-

302 1561 374 1603 cum
393 1558 452 1623 ego
471 1537 581 1622 miror,
599 1537 724 1601 etiarnsi
742 1537 812 1621 ipse
835 1558 887 1601 eas
910 1557 977 1601 non
998 1536 1110 1620 probo.
1134 1575 1178 1583 -
1201 1537 1293 1613 Quod
1317 1543 1391 1604 ante
1412 1540 1474 1605 1100

302 1646 519 1730 fragmentum
546 1643 697 1708 attribuit
719 1642 869 1708 Flachius
900 1640 1085 1707 Aristonico
1117 1643 1225 1709 locum
1257 1646 1296 1709 ad
1319 1669 1347 1710 v.
1374 1646 1474 1712 1860

303 1750 426 1816 scholio
449 1746 666 1814 Choerobosci
683 1772 713 1834 p.
735 1749 812 1835 148,
827 1749 862 1836 3,
887 1749 964 1814 feeit
987 1771 1113 1814 summa
1134 1750 1261 1816 iniuria.
1311 1750 1396 1817 Nam
1419 1754 1475 1841 010,

303 1880 384 1942 quae
417 1861 595 1941 sequuntur
626 1856 711 1941 apud
748 1853 1022 1942 Choeroboscum‚
1058 1858 1251 1940 comparatis
1288 1879 1360 1923 cum
1396 1863 1474 1924 nota

302 1962 482 2028 Aristarchi
505 1962 626 2027 dehac
653 1985 688 2027 10
716 1960 906 2050 0001001101)
934 1962 1106 2039 manifesto
1137 1964 1317 2029 ostenditur
1347 1969 1474 2031 tantum

304 2070 367 2135 sibi
393 2091 460 2134 non
490 2073 635 2133 constare
663 2091 736 2133 eum
763 2091 830 2133 non
856 2068 1010 2154 potuisse.
1037 2107 1074 2115 —
1099 2068 1237 2134 Pr0rsus
1265 2070 1475 2136 0110100001

303 2175 344 2240 ad
365 2197 394 2240 v.
411 2175 484 2261 199,
506 2174 562 2239 ubi
581 2175 729 2240 destituti
748 2175 879 2240 scholiis
898 2176 1029 2260 nostris,
1049 2176 1104 2239 sed
1121 2175 1188 2240 nixi
1209 2175 1389 2242 Homericis
1409 2182 1474 2242 stu-

303 2283 365 2347 diis
392 2279 607 2346 Aristarcheis
632 2282 811 2347 necessario
839 2304 913 2346 eum
943 2280 1057 2365 diplen
1077 2282 1225 2365 posuisse
1248 2283 1475 2350 concludimus.

303 2388 392 2453 Dicit
419 2388 504 2453 enim
526 2385 731 2454 Aristonicus
759 2389 800 2453 ad
829 2387 941 2453 (1455
969 2388 990 2471 ἡ
1019 2390 1134 2475 διπλῆ,
1161 2390 1212 2455 ὅτι
1235 2390 1415 2475 ἀρσενικῶς
1437 2392 1474 2456 τὸ

307 2496 425 2561 dccxiv
444 2493 686 2580 ἐσχημάτισται,
704 2494 864 2579 πληγέντε
883 2492 957 2561 ἀντὶ
976 2505 1036 2560 τοῦ
1054 2499 1221 2580 τλημείσα.
1258 2495 1335 2562 Καὶ
1349 2495 1475 2562 Ἡσίο-

304 2605 325 2669 d
330 2628 372 2680 ος
391 2599 604 2687 “προλιπόντ’
627 2596 838 2689 ἀνθρώπων”
861 2599 915 2667 ἐπὶ
936 2603 1053 2680 αἰδοῦς
1070 2600 1126 2668 καὶ
1144 2602 1305 2689 νεμέσεως
1323 2601 1397 2670 ἀντὶ
1415 2613 1475 2669 τοῦ

303 2715 525 2795 προλιποῦσαν
549 2706 634 2796 (lege
656 2705 907 2796 spoliandos).
953 2708 1042 2794 Ergo
1072 2709 1135 2774 hoc
1158 2731 1285 2795 quoque
1307 2710 1378 2775 loco
1401 2709 1476 2774 Ari-

307 2815 422 2880 stonici
445 2814 609 2879 simillima
631 2814 803 2899 explicatio
826 2814 898 2879 fuit.

392 2921 444 2985 Ad
471 2942 583 2985 versus
601 2919 667 2984 210
677 2942 723 3005 sq.
751 2919 891 3005 pertinet
918 2920 1072 2984 athetesis
1100 2918 1321 3007 Aristarchea‚
1348 2925 1385 2985 ut
1407 2945 1476 3005 per-

305 3028 453 3113 spicuum
476 3030 525 3090 est
549 3046 587 3088 ex
610 3023 788 3090 Aristonici
807 3024 914 3089 verbis
931 3026 967 3089 in
986 3024 1202 3089 (lhoerobosci
1221 3026 1344 3090 scholio
1358 3049 1388 3109 p.
1404 3026 1477 3112 156,

306 3134 415 3199 8-10
438 3131 575 3196 traditis.
626 3128 688 3193 Sed
714 3151 755 3193 00
778 3128 840 3194 hoc
863 3130 991 3214 quidem
1013 3130 1084 3194 loco
1107 3130 1294 3196 crediderim
1316 3129 1475 3197 Aristoni-

306 3262 379 3305 cum
406 3240 491 3303 recte
519 3234 715 3300 intellexisse
742 3236 934 3300 sententiam
961 3236 1117 3321 magistri.
1169 3234 1403 3322 Interpretatus
1427 3243 1476 3304 est

306 3346 393 3434 enim
422 3344 505 3407 hane
534 3340 705 3405 athetesim
736 3342 796 3426 ita,
827 3346 864 3405 ut
896 3341 1042 3407 videatur
1071 3341 1279 3409 Aristarchus
1308 3346 1388 3411 dues
1415 3346 1475 3411 hos

306 3472 416 3517 versus
444 3448 581 3531 γνώμην
612 3446 747 3511 fabellae
776 3447 889 3512 ducere
916 3471 1049 3535 eamque
1077 3449 1257 3514 abiudicare
1284 3461 1329 3539 τῷ
1358 3451 1475 3542 ἀλόγῳ.

307 3557 410 3632 Quam
433 3552 614 3618 Aristarchi
642 3553 835 3617 sententiam
857 3576 924 3619 000
945 3556 1045 3621 fuisse
1068 3556 1254 3639 dubitanter
1278 3557 1333 3622 sed
1356 3558 1476 3642 optime

305 3663 370 3727 iam
397 3658 617 3746 Goettlingius
644 3661 680 3724 in
707 3663 934 3727 commentario
963 3663 1002 3728 ad
1031 3685 1159 3728 versum
1182 3668 1216 3728 et
1239 3664 1476 3730 Schoemannus

306 3790 396 3853 opus.
419 3768 504 3833 acad
527 3765 576 3832 HI
598 3790 628 3852 p.
648 3768 691 3833 60
714 3767 987 3855 demonstraver03
1019 3792 1130 3835 verum
1153 3770 1314 3835 intellexit
1335 3769 1476 3836 Aristar-

307 3873 386 3939 chus
409 3874 469 3939 hos
491 3896 603 3940 versus
627 3874 667 3939 ab
685 3873 829 3939 Hesiodo
848 3895 916 3939 non
933 3896 1002 3939 esse
1021 3876 1168 3961 scriptos,
1186 3898 1258 3940 cum
1275 3898 1379 3962 neque
1397 3878 1477 3964 ipse,

308 4002 446 4066 quocum
474 3980 643 4046 lusciniam
665 3980 755 4045 111001
778 3985 951 4070 comparat,
974 4005 1046 4047 cum
1068 3982 1229 4047 iudicibus
1252 3985 1477 4070 contendisset,

306 4109 410 4172 neque
433 4087 570 4152 luscinia
597 4109 670 4152 cum
692 4087 813 4173 aquila3
842 4110 953 4153 versus
976 4089 1086 4187 potius
1110 4088 1150 4153 ab
1174 4088 1231 4154 illo
1254 4090 1390 4178 additos,
1412 4092 1478 4179 qui,

307 4217 379 4259 cum
411 4215 500 4259 more
532 4194 747 4277 posteriorum
773 4194 924 4260 fabellam
956 4198 1071 4282 γνώμῃ
1103 4195 1251 4261 orbatam
1276 4217 1343 4261 non
1369 4196 1478 4283 ferret,

398 4426 424 4494 l)
443 4421 585 4494 Conferas,
604 4425 637 4477 ut
655 4421 725 4479 alios
744 4423 821 4479 locos
839 4424 1071 4496 praetermittam,
1091 4424 1199 4482 scholia
1218 4424 1254 4479 ad
1272 4427 1369 4494 Aere,
1389 4429 1450 4482 567.
