3390 5178
305 366 369 432 154
548 365 679 436 Didymei
698 367 734 420 ad
754 365 846 437 Opera
865 365 1058 422 commentarii
1075 367 1241 438 fragmenta.

308 530 455 596 videatur
473 529 673 614 improbasse
691 530 885 596 sententiam
904 553 1002 597 suam.
1038 530 1162 615 Nempe
1183 529 1268 595 idem
1282 530 1392 596 eodem
1405 532 1477 597 loco

309 638 373 702 alia
391 638 500 702 docuit
519 659 557 702 ex
574 641 668 721 parte
682 637 818 721 optima:
840 636 941 724 „nisi‘
954 638 1062 722 inquit
1074 638 1128 723 „in
1146 637 1253 702 animo
1271 636 1387 702 habuit
1405 660 1478 703 eum

303 766 431 809 versum
448 742 592 831 Proclus,
610 765 705 828 quem
723 744 926 828 inscripsisse
944 745 1064 829 tripodi
1079 743 1258 808 Hesiodum
1272 744 1350 809 dicit
1366 749 1478 810 auctor

304 848 498 916 Certaminis
521 849 658 916 Hesiodi
681 856 713 915 et
735 850 884 917 Homeri:

469 955 624 1035 Ἡσίοδος
647 959 802 1036 Μούσαις
819 955 1007 1025 Ἑλικωνίσι
1030 953 1122 1025 τόνδ’
1144 956 1288 1041 ἀνέθηκε

469 1065 563 1153 ὕμνῳ
587 1066 725 1147 νικήσας
744 1064 780 1131 ἐν
799 1068 939 1131 Χαλκίδι
957 1062 1269 1153 δεῖον”ομηρον.“1)

300 1172 377 1237 Non
390 1172 516 1237 fallitur
531 1170 759 1258 Goettlingius.
790 1171 872 1238 (lum
885 1195 961 1238 vero
975 1171 1108 1239 Proclus
1122 1172 1332 1237 Plutarchum
1347 1177 1475 1238 secutus
1560 1238 1564 1245 ,

302 1279 439 1363 tripodis
462 1278 550 1344 illius
574 1301 697 1344 memor
720 1279 927 1366 epigramma,
951 1280 1037 1364 quod
1055 1280 1229 1367 ferebatur,
1247 1279 1478 1367 exscripsisset,

304 1390 482 1471 excerptor,
506 1386 596 1450 cuius
613 1385 779 1452 levitatem
796 1387 955 1472 novimus,
974 1387 1113 1472 posteris
1132 1391 1261 1451 tantum
1279 1385 1420 1473 reliquit,
1439 1391 1477 1451 ut

303 1515 390 1557 mera
412 1492 502 1557 varia
524 1491 619 1557 lectio
643 1493 815 1580 videretur,
836 1494 888 1558 cui
909 1494 1018 1559 nescio
1038 1494 1111 1578 quis
1131 1493 1264 1558 solitum
1283 1494 1378 1560 όίλλοι
1397 1494 1476 1579 γρά-

301 1617 425 1683 φουσιν
443 1599 556 1664 addere
573 1621 640 1664 non
658 1599 827 1665 dubitavit.
867 1598 988 1665 Similis
1008 1605 1057 1665 est
1075 1623 1126 1665 res
1146 1600 1184 1665 de
1203 1623 1231 1665 v.
1245 1600 1308 1664 119
1327 1599 1473 1684 aliisque.

390 1704 554 1772 Scholium
578 1703 796 1772 Choerobosci
819 1707 858 1772 ad
882 1730 910 1772 v.
931 1708 996 1772 740
1017 1730 1050 1791 p.
1069 1708 1145 1794 400,
1165 1707 1221 1793 24,
1255 1706 1341 1791 quod
1369 1710 1475 1772 totum

282 1817 352 1905 ,est
370 1813 572 1899 Didymeum,
595 1814 786 1897 corruptelis
805 1814 984 1878 manifestis
1002 1815 1066 1878 iam
1086 1813 1326 1880 Schoemannus
1345 1810 1410 1899 (op.
1430 1837 1475 1880 ac.

303 1918 400 2005 IIIp
421 1917 478 2008 64)
511 1921 630 2004 aliique
662 1924 719 2005 op
720 1943 783 1985 rme
812 1920 1043 1987 liberaverunt.
1015 1920 1122 1998 tog
1144 1922 1319 2004 ποταμὸν
1346 1921 1475 2006 διαβῇ

302 2029 398 2093 ἄλλοι
430 2027 620 2112 γράφουσιν
652 2022 840 2111 κακότητ’ἰ
829 2029 880 2092 ίδε
910 2025 1012 2113 (libriz
1040 2023 1123 2113 eal),
1151 2023 1294 2113 οίονεΡ)
1314 2030 1475 2110 κακότητα

305 2129 408 2217 εἶδεν,
436 2132 510 2199 ἀντὶ
538 2143 598 2199 τοῦ
626 2132 785 2216 ἐκακώθη.
836 2131 1048 2220 Ἀρίσταρχος
1076 2131 1113 2198 δὲ
1140 2131 1256 2198 ἀθετεῖ
1279 2135 1339 2198 τδν
1362 2136 1475 2217 στίχον

300 2248 422 2305 τοῦτον
446 2236 567 2327 (καὶ
538 2262 597 2304 τον
626 2237 754 2326 alumi)
800 2241 895 2306 ἄλλοι
917 2238 1071 2323 κακότητ’
1097 2241 1161 2323 ἔτι,
1184 2236 1287 2305 οἱονεὶ
1311 2236 1363 2303 ἐπὶ
1386 2250 1475 2328 κακῷ

302 2344 422 2411 ἑαυτοῦ
455 2344 559 2434 (libri:
592 2343 734 2434 ἑαυτόν).
793 2345 938 2412 Abiectis
972 2350 1151 2412 ceterorum
1179 2367 1316 2430 quorum
1343 2347 1475 2411 nomina

299 2451 475 2539 nescimus,
503 2453 786 2538 grammaticorum
816 2454 913 2539 nugis
936 2452 1126 2518 Aristarcho
1153 2452 1260 2537 palma
1286 2452 1389 2517 danda
1416 2457 1475 2538 est,

300 2559 355 2643 qui
382 2563 469 2625 recte
496 2559 691 2626 intellexerit
719 2561 809 2626 nulla
835 2560 958 2626 medela
986 2582 1081 2645 posse
1109 2560 1191 2624 hano
1218 2581 1400 2644 perversam
1424 2583 1474 2624 sa-

299 2666 371 2731 nari
389 2668 589 2732 sententiam.
614 2705 656 2714 -
680 2665 826 2732 Similem
843 2666 993 2733 lectionis
1011 2667 1200 2733 varietatem
1224 2670 1257 2730 et
1280 2667 1383 2750 ipsam
1405 2667 1474 2731 sine

301 2775 441 2839 auctoris
478 2774 608 2839 nomine
644 2773 778 2839 tradidit
813 2774 974 2859 Didymus
1009 2774 1044 2839 in
1081 2775 1260 2859 fragmento
1298 2795 1315 2838 e
1351 2773 1473 2838 scholio

301 2878 519 2946 Choerobosci
552 2881 591 2945 ad
623 2904 652 2944 v.
682 2881 746 2946 746
778 2904 808 2965 p.
836 2880 912 2968 405,
940 2883 960 2946 6
992 2881 1161 2945 restituto:
1207 2880 1473 2958 ἀνεπίξεστον·

298 2987 559 3072 ἀφιλοκόλητον,
596 2987 791 3071 ἀκόσμητον.
858 2989 942 3052 ἔνιοι
979 2983 1016 3052 δὲ
1053 2986 1289 3073 ἀνετίῤῥεκτον
1325 2987 1474 3072 γράφου-

299 3112 365 3176 σιν,
388 3091 559 3158 τουτέστιν
582 3092 780 3176 όθνμίατον.
830 3091 882 3156 Ex
910 3092 972 3156 hoo
996 3091 1117 3157 scholio
1141 3091 1236 3156 fluxit
1258 3091 1353 3155 lectio
1377 3093 1474 3158 unius

298 3198 417 3263 codicis
444 3197 624 3263 Florentini
652 3198 792 3282 margini
820 3198 982 3283 adscripta
1008 3198 1279 3285 ἀνιπίρρρεκτον,
1308 3219 1381 3262 cum
1408 3221 1473 3264 uno

299 3305 392 3389 quasi
421 3326 476 3369 ore
507 3304 612 3369 omnis
635 3304 791 3369 memoria
815 3305 934 3389 scripta
957 3306 1125 3370 confirmet
1147 3306 1228 3371 illud
1251 3303 1472 3384 ἀνεπίξεστον.

302 3449 339 3457 -
364 3409 498 3493 Didymi
521 3410 711 3495 fragmentis
733 3432 800 3476 non
824 3411 937 3477 dubito
902 3412 1025 3477 ttria
1052 3412 1149 3477 etiam
1175 3412 1231 3477 illa
1254 3410 1472 3478 Choerobosci

298 3515 420 3580 scholia
448 3516 670 3604 adnumerare,
702 3517 819 3601 quibus
844 3541 901 3583 sen
900 3519 1022 3584 tentiae
1053 3519 1206 3585 exhibent
1192 3524 1246 3585 tur
1278 3518 1473 3606 Philochori,

298 3622 471 3687 clarissimi
488 3623 534 3688 At
536 3623 644 3689 thidos
667 3625 844 3713 scriptoris,
866 3648 947 3710 quae
968 3629 1044 3691 sunt
1030 3626 1102 3692 tad
1120 3651 1149 3691 v
1168 3627 1280 3712 17ορ
1294 3627 1370 3713 421,
1383 3626 1470 3691 2-6

299 3729 427 3817 ἐτέχθη,
451 3727 522 3818 (ubi
540 3731 672 3814 αὐτὴν
663 3731 808 3817 intellige
825 3732 887 3815 τὴν
905 3734 1041 3820 πρώτην
1059 3734 1153 3819 ίερδιν
1171 3728 1285 3821 sivae),
1308 3732 1348 3797 ad
1367 3754 1395 3797 v
1407 3732 1472 3798 780

298 3860 328 3921 p.
348 3836 463 3922 429,3
497 3835 567 3926 (ubi
599 3839 637 3903 ci
665 3850 754 3923 τρεῖς
786 3844 862 3903 sunt
894 3838 1065 3923 ἑνδεκάτη,
1098 3840 1265 3923 δωδεκατη
1299 3837 1354 3904 καὶ
1385 3856 1471 3925 τρισ-

296 3941 502 4032 καιδεκάτη);
525 3944 565 4009 ad
583 3967 611 4009 v.
632 3945 697 4009 810
716 3945 993 4031 p.441,15-18.
1031 3943 1130 4011 Cuius
1154 3946 1268 4011 scholii
1287 3945 1346 4010 sub
1365 3945 1471 4032 finem,

302 4071 397 4134 quem
420 4054 609 4135 corruptum
631 4072 700 4115 esse
722 4072 817 4116 nemo
835 4074 902 4117 non
919 4052 1018 4138 videt,
1035 4052 1161 4117 videtur
1180 4074 1250 4117 esse
1269 4052 1470 4117 scribendum

389 4226 416 4294 1)
434 4221 474 4279 cf.
493 4223 600 4293 Rohde,
619 4224 671 4279 Rh.
691 4225 728 4281 M.
743 4223 859 4280 XXXVI
872 4245 899 4297 p.
914 4230 1034 4284 421not.
1060 4229 1088 4282 et
1105 4227 1254 4283 Kirchhoff
1269 4226 1385 4283 Sitzber.
1400 4226 1469 4283 berl.

247 4312 616 4404 ¹muraneum.

386 4404 413 4472 2)
431 4399 551 4455 Addidit
568 4398 719 4457 Xoeohlius
738 4402 769 4457 in
788 4405 927 4474 apparatu
946 4403 1044 4460 critico
1064 4406 1101 4459 ad
1119 4421 1237 4460 versum.
1343 4398 1350 4407 '

387 4489 413 4558 a)
432 4487 554 4545 aaaron
569 4489 701 4547 uranus
719 4490 835 4547 ranas.
854 4490 927 4548 cxv
944 4511 971 4564 p.
986 4498 1046 4548 440.
