3342 5168
289 370 332 434 48
610 371 651 424 De
669 368 845 439 Moschopuli
864 368 1034 424 scholiorum
1051 369 1137 424 fonte.

288 557 405 619 μενον,
434 534 494 598 ’διά
525 531 627 597 ταῦτά
660 549 763 617 φησιν
796 531 813 598 ὁ
841 532 941 609 αὐτὸς
969 532 1133 615 Πλάτων,
1159 532 1223 597 άπὸ
1255 540 1314 596 τοῦ
1343 530 1462 618 ἐσρεῖν,

288 643 407 726 ἔσρους
429 642 467 705 τό
490 663 527 723 γε
550 640 692 704 παλαιὸν
716 638 870 704 ἐκαλεῖτο.
911 647 956 727 τῷ
979 640 1042 725 γάρ
1065 641 1110 704 ου
1132 635 1206 703 duct
1229 648 1289 703 τοῦ
1311 641 1339 702 ω’
1363 637 1461 724 ἐχρώ-

288 752 389 831 μεθα·
412 755 477 811 νῦν
500 741 538 810 δὲ
561 746 642 830 ἔρως
661 743 813 828 κέκληται
833 746 889 843 διά
907 745 969 827 τὴν
987 755 1046 809 τοῦ
1065 748 1092 810 ’ὦ
1111 743 1185 810 ἀντὶ
1203 754 1265 810 τοῦ
1283 748 1327 811 ου
1349 750 1464 828 μεταλ-

290 854 404 934 λαγήν.
450 849 553 927 Quam
584 851 897 937 interpretationem,
933 851 1024 916 cuius
1056 872 1096 915 ne
1130 851 1303 936 vestigium
1335 850 1464 935 quidem

288 962 436 1042 superest
458 958 494 1022 in
514 957 652 1044 nostris,
679 961 782 1022 totam
805 979 822 1021 e
845 956 960 1022 Proclo
983 956 1117 1023 fluxisse
1140 961 1173 1022 et
1194 958 1355 1022 neminem
1378 958 1463 1043 fugit

288 1068 321 1128 et
345 1064 383 1128 fit
405 1085 456 1128 res
479 1064 651 1129 manifesta
673 1067 859 1148 comparato
882 1063 1111 1149 Etymclogico
1134 1064 1255 1149 Magno
1275 1061 1319 1151 (p.
1338 1063 1413 1150 458,
1428 1063 1462 1149 83

288 1170 327 1236 cf.
349 1167 447 1258 not),
473 1172 564 1235 cuius
591 1171 627 1234 in
653 1171 738 1235 libro
765 1168 928 1235 Vossiano
955 1174 1031 1255 post
1059 1169 1182 1234 scholia
1208 1170 1381 1235 Homerica
1409 1168 1463 1258 (ad

286 1276 319 1342 A
338 1275 416 1365 174)
446 1276 595 1342 adiuncta
624 1280 700 1342 sunt
724 1277 893 1364 quaedam,
921 1299 1002 1361 quac
1033 1299 1105 1342 cum
1133 1276 1346 1361 Moschopulc
1374 1299 1463 1361 pror-

288 1406 344 1448 sus
376 1387 556 1469 congruant
584 1383 764 1468 quibusque
792 1387 825 1448 ct
851 1384 931 1467 ipsis
960 1382 1054 1448 Plato
1081 1383 1231 1449 laudetur
1260 1381 1312 1471 (cf.
1341 1380 1462 1467 Oratyl.

288 1513 318 1574 p.
337 1491 437 1554 non
453 1487 524 1577 sq).
565 1488 627 1554 His
650 1489 824 1555 intellectis
847 1489 929 1554 illud
952 1489 1049 1554 simul
1067 1489 1295 1575 intelleximus,
1317 1488 1463 1554 Moscho-

288 1596 400 1681 pulum
431 1597 521 1661 fonte
553 1618 611 1661 suo
645 1596 893 1681 diligentissime
925 1618 1020 1660 usum
1053 1618 1131 1661 esse.
1183 1595 1276 1671 Quod
1306 1595 1358 1660 vel
1389 1595 1463 1660 inde

287 1703 455 1787 probabile
482 1706 546 1791 est,
574 1702 660 1787 quod
684 1725 744 1787 pro
767 1706 856 1768 certo
880 1702 1108 1768 affirmaverim
1130 1703 1215 1767 nihil
1237 1725 1310 1767 eum
1334 1702 1462 1767 aliunde

287 1809 467 1874 adscivisse.
513 1807 626 1894 Neque
654 1808 740 1874 enim
767 1812 817 1874 est
844 1808 930 1894 apud
957 1831 1030 1874 eum
1057 1809 1162 1894 locus,
1192 1809 1248 1893 qui
1275 1810 1335 1874 hac
1363 1809 1401 1873 de
1428 1831 1462 1873 re

287 1915 523 1981 dubitationem
545 1919 681 1981 moveat.

377 2019 440 2086 Sed
470 2021 522 2087 vel
549 2022 728 2087 accuratius
760 2021 837 2087 licet
868 2022 1001 2106 planum
1033 2023 1150 2109 facere,
1183 2023 1277 2107 quale
1304 2023 1402 2088 fuerit
1429 2022 1462 2086 id

288 2127 450 2212 exemplar
479 2128 689 2216 scholiorum,
716 2151 780 2213 quo
808 2150 886 2193 usus
915 2129 959 2194 sit
987 2129 1228 2214 Moschopulus.
1273 2128 1325 2194 Ad
1348 2152 1376 2194 v.
1396 2127 1461 2194 695

287 2235 427 2301 vidimus
460 2257 532 2299 eum
565 2235 605 2300 ed
636 2236 770 2331 gerbam
797 2234 1002 2301 Proclianum
1030 2236 1187 2301 scholium
1215 2237 1461 2301 exscribentem:

288 2341 323 2406 in
345 2341 450 2406 medio
475 2342 584 2406 subito
608 2341 743 2424 destitit,
765 2341 856 2406 nulla
878 2342 993 2407 idonea
1016 2364 1121 2430 causa,
1143 2347 1180 2407 ut
1201 2342 1336 2407 videtur.
1372 2341 1461 2407 Idem

288 2447 329 2512 ad
360 2471 388 2513 v.
419 2447 498 2523 705,
512 2438 663 2536 (py382)
697 2470 771 2513 cum
801 2449 972 2533 coepisset:
1008 2453 1186 2535 προοίμιον
1217 2458 1316 2514 τοῦτο
1348 2452 1461 2532 τίθησι

288 2556 368 2640 μετά
390 2558 469 2632 τοὺς
490 2554 565 2642 περὶ
589 2556 696 2640 γάμου
719 2558 841 2638 λόγους
863 2568 931 2621 τῶν
955 2554 1197 2642 ῥηθησομένων
1218 2556 1461 2641 παιδευμάτων,

289 2661 392 2740 ἀξιῶν
418 2664 483 2746 πρὸ
510 2661 646 2728 πάντων
674 2662 890 2747 στοχάζεσθαι
918 2671 979 2728 τοῦ
1002 2661 1242 2748 κεχαρισμένου
1264 2674 1335 2739 τοῖς
1357 2668 1461 2744 θεοῖς,

288 2769 459 2852 exscripsit
481 2768 613 2834 initium
635 2768 796 2834 Procliani
818 2769 934 2834 scholii
958 2767 1001 2856 (p.
1022 2766 1115 2856 381):
1143 2769 1268 2853 reliqua
1294 2768 1461 2853 praeteriit

288 2875 487 2962 addiditque,
516 2898 597 2959 quae
625 2876 694 2941 sine
722 2875 820 2941 dubio
849 2898 887 2940 ex
915 2875 1027 2940 eodem
1054 2876 1144 2941 fonte
1172 2874 1349 2961 fluxerunt,
1377 2895 1462 2938 nunc

287 2986 395 3047 tamen
413 2981 448 3046 in
466 2981 597 3047 scholiis
610 3005 676 3048 non
689 2982 856 3067 leguntur:
875 2988 983 3059 καλῶς
998 2978 1034 3047 dt
1049 2984 1105 3047 ἔσο
1125 2982 1302 3066 φυλάττων
1316 2980 1461 3064 sarowe

288 3090 359 3172 μὴν
381 3099 449 3153 τῶν
476 3095 568 3153 θεῶν
590 3099 658 3153 τῶν
680 3088 838 3173 μακάρων
860 3085 934 3153 άντλ
962 3097 1024 3153 τοῦ
1048 3085 1249 3173 ἐπιστρέφου
1272 3099 1339 3153 τῶν
1362 3094 1460 3153 θεῶν.

288 3193 350 3259 His
370 3197 402 3258 et
422 3194 581 3258 similibus
601 3193 747 3278 cogimur
766 3194 936 3282 affirmare,
958 3216 1032 3258 eum
1049 3216 1116 3259 non
1133 3194 1227 3278 plura
1246 3193 1461 3278 exscripsisse,

289 3289 460 3385 propterea
489 3300 575 3383 quod
597 3299 691 3384 plura
711 3322 779 3365 non
800 3301 932 3365 invenit.
977 3299 1124 3386 Accedit,
1153 3300 1239 3384 quod
1261 3300 1302 3367 ab
1325 3321 1362 3365 eo
1385 3298 1461 3363 Pro-

288 3406 357 3472 clus
386 3406 490 3471 rarius
512 3407 711 3493 nominatur,
739 3407 925 3491 saepissime
948 3408 1067 3472 veteris
1090 3406 1294 3494 grammatici
1316 3406 1461 3471 doctrina

289 3514 324 3577 in
342 3534 438 3577 usum
451 3517 597 3598 vocatur,
615 3514 680 3577 iam
698 3513 773 3577 h‘cet
792 3513 988 3598 concludere,
1006 3513 1074 3578 eius
1089 3513 1284 3578 scholiorum
1299 3513 1460 3597 exemplar

289 3623 322 3684 et
346 3642 365 3683 a
386 3618 508 3683 nostris
531 3622 564 3682 et
587 3642 605 3683 a
624 3617 756 3683 Tzetzae
779 3618 966 3683 collectione
985 3619 1156 3684 admodum
1173 3619 1335 3684 diversum
1352 3619 1461 3703 fuisse,

290 3725 326 3789 in
348 3724 460 3789 multis
484 3729 592 3791 autem
615 3726 814 3790 simillimum
838 3725 877 3812 ei,
903 3747 966 3810 quo
990 3729 1137 3791 auctores
1159 3725 1460 3810 Etymologicorum

159 3838 161 3841 ’
290 3831 342 3896 usi
365 3835 449 3896 sunt.

377 3937 417 4002 In
449 3937 573 4003 lexica
610 3939 743 4023 antiqua
771 3961 852 4022 quae
879 3961 919 4002 ex
950 3937 1081 4004 scholiis
1114 3937 1283 4003 Hesiodeis
1315 3959 1460 4002 manuve·
1509 3947 1512 3952 '

288 4049 379 4131 runt,
407 4067 444 4109 ea
469 4067 537 4110 non
559 4067 624 4110 una
645 4045 771 4110 ratione
799 4045 1045 4130 adgnoscuntur.
1090 4042 1138 4108 Ac
1165 4045 1306 4128 primum
1333 4044 1461 4128 quidem

290 4155 366 4215 sunt
395 4150 479 4228 άπαξ
503 4153 677 4237 λεγόμενοι,
706 4173 787 4235 quae
815 4156 923 4216 tamen
949 4162 1016 4215 non
1042 4152 1089 4215 ita
1118 4151 1222 4234 multa
1243 4152 1352 4215 inveni
1398 4155 1460 4215 tur.

289 4254 475 4341 Sequuntur
506 4255 577 4342 illa,
608 4257 643 4321 in
670 4257 789 4341 quibus
814 4258 938 4322 nostris
966 4256 1098 4322 scholiis
1126 4258 1320 4341 comparatis
1349 4255 1461 4321 statim

288 4366 393 4449 patet,
421 4362 477 4447 qui
504 4362 602 4427 fuerit
629 4363 711 4428 fons.
758 4362 902 4438 Quorum
929 4384 1030 4449 genus
1058 4364 1124 4428 iam
1146 4364 1285 4428 vidimus
1309 4363 1459 4446 frequens

289 4489 367 4536 esse.
412 4467 512 4533 Porro
544 4469 616 4553 ipsa
646 4468 798 4534 lemmata
831 4471 1027 4536 scholiorum
1064 4474 1244 4543 occurrrmt¹
1268 4470 1394 4554 saepius
1425 4469 1461 4534 in
