3390 5178
448 369 490 425 De
509 369 632 441 Operum
649 369 776 426 versibus
795 370 832 424 ab
852 369 976 440 antiquis
995 370 1126 427 laudatis.
1315 373 1379 437 193

205 537 316 620 λιμόν,
339 538 389 599 004
412 517 508 598 00000
523 533 778 618 Byzantinorum
801 556 891 599 more
920 535 1152 619 pronuntiandi
1183 536 1379 621 perspicuus

204 639 423 727 Plutarchum,
446 639 653 706 scholiastam
671 640 766 706 Hom.
786 640 879 705 0407
901 638 948 728 (Il
967 639 1106 728 61711),
1128 646 1164 705 Π
1180 641 1245 706 385
1265 640 1378 729 (schol

204 747 279 812 inin.
300 748 356 835 Vl,
377 748 438 812 187
450 746 517 835 M.),
539 747 591 812 Ρο.
610 746 805 813 Dracontem
827 772 857 832 p.
877 747 929 832 63,
950 749 991 812 12
1013 747 1122 812 Herm.
1147 787 1188 795 —
1212 748 1261 813 De
1283 751 1379 814 versi-

204 854 265 919 bus
290 854 355 919 244
378 858 411 919 04
434 852 499 917 245
523 858 572 919 004
594 854 685 919 10000
708 853 816 919 Ρο0011
838 878 868 938 p.
890 855 964 940 178,
983 858 1013 941 7,
1035 854 1073 918 de
1096 878 1161 938 quo
1189 856 1254 920 iam
1283 878 1380 939 supra

204 961 301 1027 verba
323 961 456 1025 fecimus
474 984 504 1045 p.
526 960 597 1024 102.
643 959 710 1024 Ubi
729 960 821 1026 (10004
840 961 895 1025 1110
914 961 1154 1045 coniungendos
1174 984 1243 1026 esse
1266 985 1294 1025 0.
1314 962 1379 1026 243

204 1072 237 1131 04
259 1067 323 1131 246
348 1067 489 1131 excussis
512 1066 647 1146 duobus,
670 1089 752 1150 quae
775 1068 941 1152 intersint,
965 1066 1129 1151 additque:
1157 1068 1243 1133 οὕτω
1268 1071 1379 1133 Πλού-

203 1198 330 1261 ταρχος.
377 1173 520 1250 Quorum
548 1174 720 1238 verborum
749 1173 866 1258 duplex
899 1174 987 1238 adest
1014 1174 1248 1258 interpretatio.
1294 1174 1379 1239 Nam

203 1285 259 1344 004
281 1280 357 1345 11004
380 1280 493 1345 addere
517 1285 609 1364 φησί,
633 1285 689 1344 004
708 1303 747 1345 ex
766 1281 822 1366 eis,
846 1302 926 1364 quae
944 1280 1140 1365 praecedunt
1158 1279 1227 1368 (det
1244 1278 1281 1346 31
1300 1300 1379 1348 συν-

203 1389 318 1454 άπτειν
345 1386 442 1475 arth
475 1388 642 1453 συνάπτει.
688 1386 774 1451 Illud
801 1388 830 1452 si
857 1388 908 1470 fit,
937 1387 1097 1472 00001400,
1123 1392 1160 1451 04
1186 1387 1378 1453 Plutarchus

202 1495 318 1580 legerit
340 1517 451 1560 versus
475 1494 541 1558 244
565 1499 597 1558 04
619 1493 684 1558 245
703 1531 747 1541 -
765 1494 860 1559 ahter
882 1494 965 1558 nihil
988 1494 1169 1559 (1100004-
1188 1494 1379 1580 disertisque

203 1603 309 1667 verbis
336 1606 459 1688 pugnet
489 1624 562 1666 cum
589 1601 674 1686 aliis,
708 1623 789 1686 quos
817 1601 926 1665 iubeat
954 1601 1147 1686 coniungere
1174 1602 1284 1685 potius
1313 1602 1378 1666 243

204 1712 236 1772 04
254 1708 412 1795 24631100
431 1708 459 1774 si
477 1713 584 1772 mente
603 1708 758 1795 addimus,
775 1730 842 1772 non
859 1709 1039 1773 necessario
1058 1707 1143 1771 idem
1162 1708 1377 1794 concluditur,

203 1837 287 1900 nam,
310 1815 336 1879 si
361 1815 549 1899 simpliciter
572 1814 690 1879 dicitur
714 1814 907 1899 coniungere
926 1814 1118 1879 Plutarchus
1138 1815 1293 1900 quosdam
1311 1837 1378 1879 000-

204 1943 268 2006 000,
290 1943 356 1986 000
374 1926 422 1986 004
440 1943 568 1986 0000000
589 1920 717 1986 0000014
739 1920 829 1985 01100.
862 1920 963 1996 Quam
977 1921 1017 1985 ad
1035 1922 1126 1985 litem
1144 1922 1378 1986 diiudicandam

203 2028 293 2093 adest
311 2027 494 2113 Aeschines,
517 2028 603 2112 apud
622 2050 716 2112 quem
739 2033 772 2092 04
790 2028 897 2112 ipsum
920 2027 1037 2093 desunt
1055 2050 1175 2113 versus,
1199 2029 1237 2092 (10
1260 2030 1378 2114 quibus

202 2158 254 2200 res
278 2140 334 2200 est.
380 2135 472 2211 Quod
500 2157 629 2199 rursum
658 2139 768 2219 potest
797 2136 919 2199 factum
947 2156 1016 2199 esse
1048 2135 1171 2200 duabus
1199 2135 1378 2200 decausis:

202 2247 259 2306 aut
282 2263 357 2307 casu
389 2242 444 2306 illc
474 2264 529 2307 eos
559 2241 683 2327 omisit,
714 2245 770 2306 004
803 2241 890 2326 quod
911 2263 978 2305 non
1007 2242 1108 2305 novit.
1155 2240 1216 2306 Sed
1240 2247 1378 2326 utroque

201 2349 273 2414 1000
296 2354 480 2433 comparato
505 2350 568 2413 iam
591 2370 671 2435 non,
702 2349 831 2433 opinor,
861 2353 911 2414 est
934 2348 1081 2433 dubium,
1114 2352 1188 2412 0400
1210 2349 1378 2433 utriusque

202 2456 426 2539 interpretatio
449 2455 493 2520 sit
515 2455 735 2539 praeferenda:
758 2459 871 2519 neuter
894 2454 1023 2538 legebat
1041 2476 1151 2518 000000
1175 2476 1252 2518 0000
1276 2477 1378 2519 exem-

202 2562 286 2645 plari
309 2562 441 2626 alterius
460 2561 665 2648 recensionis,
688 2585 707 2626 a
731 2583 794 2645 000
814 2562 956 2625 aberant.
1003 2559 1095 2635 Quod
1117 2582 1190 2624 cum
1214 2562 1256 2625 sit
1281 2562 1377 2625 stabi-

202 2668 311 2753 litum,
333 2668 422 2733 vides
447 2689 511 2751 quo
534 2668 603 2732 iure
627 2690 724 2752 supra
747 2668 793 2731 cis
816 2668 910 2753 locis,
936 2666 995 2730 ubi
1018 2666 1184 2739 recedebat
1207 2667 1377 2732 Aeschinis

203 2779 310 2840 textus
336 2799 355 2840 a
377 2774 522 2840 codicum
545 2774 780 2838 Hesiodeorum
803 2778 909 2860 textu,
937 2795 1003 2838 non
1026 2774 1224 2856 corruptelas
1248 2774 1377 2840 subesse

202 2882 390 2948 recentioris
409 2882 524 2947 aetatis
544 2881 698 2966 suspicati
714 2881 824 2967 simus,
846 2881 901 2946 sed
919 2881 1025 2945 varias
1044 2879 1206 2945 lectiones.
1229 2919 1266 2927 -
1289 2880 1377 2945 Idem

202 2989 288 3054 cadit
311 2990 345 3054 in
368 3013 396 3054 0.
415 2989 491 3073 247,
514 2988 570 3072 001
594 2992 643 3053 004
667 2987 752 3073 apud
774 2986 979 3053 Aeschinem:

291 3098 311 3182 11
335 3096 412 3173 νέας
435 3096 472 3162 ἐν
493 3099 604 3185 πόντῳ
628 3093 919 3184 ἀποτίν(ν)υται
944 3095 1117 3182 εὐρύοπα
1141 3097 1252 3181 Ζεύς,

201 3205 236 3268 10
254 3204 417 3270 codicibus
435 3202 604 3268 Hesiodeis
623 3225 695 3267 cum
713 3203 841 3289 legatur
860 3256 866 3267 .
887 3254 915 3268 ..
934 3206 1045 3292 πόντῳ
1065 3204 1265 3289 Κρονίδης
1283 3202 1376 3270 0100-

200 3308 460 3399 0400000031,
487 3312 683 3376 ὑποτίνυται
701 3308 747 3397 D)
776 3311 911 3377 αὐτῶν.
962 3309 1047 3374 Nam
1077 3314 1203 3374 textum
1231 3311 1376 3376 codicum

202 3415 319 3481 abiisse
336 3417 372 3481 in
389 3416 604 3481 Aeschineum
622 3420 755 3501 propter
772 3438 902 3481 versum
916 3416 990 3502 239,
1009 3438 1106 3500 quam
1124 3418 1262 3482 maxime
1279 3441 1376 3505 nego3

201 3522 290 3587 nulla
312 3522 481 3588 intercedit
503 3523 589 3586 inter
611 3544 684 3586 eum
707 3544 897 3607 versumque
920 3523 984 3586 247
1009 3522 1197 3588 similitudo.

290 3626 368 3693 Inde
386 3651 405 3692 a
425 3651 451 3693 0.
470 3627 534 3692 251
558 3627 676 3692 iterum
698 3628 808 3694 licebit
831 3629 880 3693 uti
903 3629 1088 3694 adiumento
1110 3629 1187 3694 libri
1205 3633 1375 3715 papyracei

202 3732 271 3823 (A),
294 3736 384 3800 cuius
407 3735 588 3820 fragmenta
610 3735 645 3798 in
667 3755 751 3819 pago
775 3734 900 3819 Paijum
929 3736 1060 3799 inventa
1083 3734 1182 3799 edidit
1206 3757 1269 3819 000
1293 3737 1375 3801 00104

201 3841 369 3927 diligentia
381 3839 593 3928 711000οΗ001)
617 3839 801 3925 optimeque
819 3838 1011 3928 Raechius²)
1034 3840 1172 3904 contulit
1190 3863 1263 3906 cum
1281 3843 1390 3907 libris

202 3947 379 4013 Hesiodeis.
425 3946 533 4032 Atque
556 3951 641 4011 00040
660 3948 801 4012 ostendit
824 3949 874 4012 vir
892 3947 1098 4013 doctissimus
1116 3950 1241 4014 textum
1260 3951 1374 4034 papyri

201 4076 271 4120 esse
290 4054 431 4119 eiusdem
449 4054 644 4121 recensionis
664 4057 760 4138 atque
777 4059 964 4119 nostrorum
982 4054 1154 4141 librorum3
1176 4056 1230 4120 sed
1249 4055 1287 4119 de
1306 4056 1374 4120 eius

200 4161 394 4227 recensionis
419 4161 542 4246 origine
564 4160 692 4225 videtur
715 4182 850 4247 errasse3
878 4184 941 4253 000
968 4162 1006 4225 (10
1029 4184 1063 4226 00
1085 4162 1170 4226 infra
1193 4162 1373 4246 disputabo.

291 4411 318 4478 1)
335 4407 469 4463 Mittheil.
485 4425 535 4462 000
551 4408 600 4461 (100
610 4406 723 4462 Samml.
739 4408 789 4461 der
802 4407 869 4478 Pap.
884 4407 965 4463 Erzh.
980 4407 1084 4462 R-ainer
1099 4413 1177 4478 1887,
1191 4409 1204 4462 I
1217 4427 1243 4479 p.
1260 4415 1370 4464 73-82.

290 4497 317 4566 2)
335 4496 450 4552 Wiener
469 4497 547 4552 stud.
563 4496 628 4566 Xp.
644 4502 774 4566 001000,
794 4495 939 4566 symbolae
956 4498 1038 4568 Prsg.
1054 4496 1106 4551 sub
1125 4497 1216 4553 finem

255 4596 469 4650 Dtmttrljevtc,
483 4596 560 4638 studia
573 4597 695 4637 Hesiodea.
1127 4592 1160 4640 13
