3390 5178
458 348 500 401 Dc
519 346 642 417 Operum
659 344 785 398 versibus
805 344 841 398 ab
862 343 986 413 antiquis
1004 344 1137 403 laudatis.
1323 348 1385 413 173

302 512 424 576 Versus
459 510 501 574 86
529 513 692 593 postrema
719 508 817 572 verba
844 512 876 571 et
904 530 1032 572 versum
1057 508 1097 572 87
1129 509 1292 595 integrum
1320 511 1387 576 lau-

213 618 302 683 davit
324 616 517 681 Plutarchus
540 616 576 679 in
598 615 683 679 libro
708 614 745 678 de
764 614 834 678 aud.
853 615 958 698 poetis
977 638 1006 698 p.
1026 614 1092 679 230
1109 615 1126 678 I
1144 614 1236 701 5613,
1254 618 1292 683 de
1311 619 1385 683 fort.

211 748 241 808 p.
262 721 493 787 991124213
521 727 587 786 tam
615 722 799 806 diligenter,
828 725 865 785 ut
889 721 1024 785 dixerim
1053 743 1126 786 eum
1149 726 1243 787 antea
1265 724 1386 789 librum

212 830 398 914 inspexisse.
445 828 507 910 sed
530 830 600 894 loco
624 833 765 912 utroquo
788 850 848 912 pro
874 829 1028 893 vocabulo
1053 830 1164 914 δῶρον
1188 829 1318 894 exhibet
1341 834 1386 915 μή

212 961 289 1003 ποτε
317 939 420 1023 δῶρα,
448 958 529 1020 quae
556 941 606 1000 est
633 936 804 1000 manifesta
831 935 920 1000 varia
942 936 1039 1000 lectio
1046 989 1054 1021 ,
1082 940 1178 1020 atque
1202 957 1239 999 ea
1262 937 1385 1020 melior,

212 1048 250 1107 ut
273 1066 331 1108 suo
354 1044 425 1107 loco
450 1043 511 1107 erit
535 1042 827 1108 demonstrandum.
851 1080 895 1088 -
913 1041 991 1106 Inde
1011 1065 1029 1106 a
1047 1064 1076 1107 v.
1096 1042 1139 1106 90
1158 1043 1276 1107 iterum
1295 1044 1386 1107 adest

211 1150 433 1214 testimonium
458 1148 607 1235 Origcnis
627 1150 661 1236 (l.
686 1148 735 1237 l.);
765 1150 925 1214 consentit
949 1149 1017 1213 eius
1040 1149 1123 1214 liber
1150 1172 1223 1214 cum
1254 1151 1385 1234 optimis

210 1257 373 1321 codicibus
396 1257 555 1341 imprimis
579 1279 652 1321 cum
671 1254 704 1320 O.
728 1255 828 1322 Velut
852 1279 879 1320 v.
899 1256 942 1319 90
965 1254 1044 1342 πρὶν
1067 1253 1129 1341 μὲν
1151 1258 1214 1342 γὰρ
1234 1255 1270 1343 (l,
1288 1255 1386 1345 Orig,

210 1365 273 1450 γὰρ
297 1386 357 1428 om.
381 1385 457 1428 casu
475 1362 520 1449 D3
543 1387 571 1428 v.
591 1364 632 1428 91
652 1365 729 1449 ἄτερ
749 1388 783 1429 τε
802 1361 837 1449 G,
856 1361 954 1449 Orig,
972 1387 1007 1428 τε
1026 1386 1086 1427 om.
1106 1363 1150 1447 D,
1174 1387 1201 1429 v.
1222 1364 1264 1428 92
1283 1373 1386 1450 κῆρας

213 1470 329 1555 optimi
351 1471 443 1558 libri,
466 1469 568 1556 Orig,
591 1480 694 1557 γῆρας
717 1493 792 1553 pars
816 1470 908 1557 dett.;
935 1494 964 1535 v.
984 1470 1027 1534 93
1051 1471 1107 1554 qui
1129 1470 1228 1556 vulgo
1251 1471 1385 1556 legitur:

210 1572 292 1655 αἶψα
316 1578 379 1663 γὰρ
401 1577 437 1643 ἐν
455 1587 610 1662 κακοτῆτι
629 1575 742 1663 βροτοὶ
768 1577 1055 1663 καταγηράσκουσι
1079 1599 1140 1642 om.
1165 1575 1201 1664 0,
1222 1577 1262 1662 D,
1281 1578 1386 1664 Mess,

211 1807 267 1859 Δία
287 1806 362 1876 apud
380 1805 523 1875 Aristopb.
542 1805 647 1860 Eccles.
665 1812 714 1860 779
735 1809 764 1860 et
783 1824 832 1861 suo
850 1806 912 1860 iure
929 1805 1093 1860 restitutum
1107 1805 1195 1860 etiam
1208 1806 1302 1874 Equit.
1319 1812 1384 1877 3193

209 1901 267 1964 πολρ
286 1912 336 1965 pro
355 1894 433 1964 πάρα
453 1893 635 1965 (=1rdqrcn)
654 1914 679 1950 v.
696 1901 766 1964 1423
790 1895 910 1950 fortasse
934 1894 1021 1949 etiam
1040 1894 1225 1966 εἰλήλουθμεν
1243 1913 1293 1966 pro
1312 1896 1384 1966 εἰλη-

209 1985 354 2054 λούθαμεν
373 1989 436 2038 149
456 1987 485 2038 et
504 1983 562 2038 alia
585 1984 728 2039 nonnulla.
771 1985 832 2038 Iam
855 1988 887 2039 ut
910 1984 1030 2054 amplius
1054 2001 1165 2052 quoque
1189 2001 1332 2054 apocopen
1354 1985 1385 2038 in

209 2091 292 2127 usum
310 2075 440 2127 vocatam
459 2089 519 2127 esse
539 2089 681 2144 censeam,
706 2090 880 2128 commoveor
898 2092 962 2128 cum
981 2073 1110 2142 Origenis
1130 2076 1159 2127 et
1177 2074 1295 2128 Tretzae
1314 2074 1383 2128 locis

208 2165 270 2216 tum
288 2179 322 2216 ea
340 2178 379 2232 re,
398 2163 474 2230 quod
492 2178 565 2231 quae
585 2162 677 2216 adhuc
695 2180 752 2217 non
765 2165 898 2233 poterant
912 2161 1045 2232 expediri,
1066 2179 1099 2216 ea
1113 2163 1234 2232 probata
1243 2162 1384 2217 facillime

208 2250 419 2321 intelliguntur3
437 2251 517 2305 velut
536 2251 646 2305 activae
666 2268 738 2320 quae
757 2251 888 2306 videntur
905 2251 1054 2306 verborum
1070 2250 1177 2305 formae
1193 2252 1268 2322 apud
1282 2251 1384 2306 Home-

207 2358 269 2393 rum
287 2358 338 2411 pro
356 2340 466 2409 mediis,
486 2358 559 2409 quae
579 2339 787 2410 desiderantum
805 2341 912 2396 formae
931 2340 999 2394 illae
1017 2340 1140 2410 plurales
1159 2339 1190 2394 in
1210 2358 1253 2412 -ῃε
1273 2344 1302 2395 et
1320 2361 1383 2410 -οις,

210 2446 282 2499 quae
302 2430 394 2484 adhuc
413 2432 472 2483 tam
491 2429 612 2484 multum
630 2429 814 2484 morabantur
832 2428 1041 2500 grammaticos,
1060 2430 1136 2497 quod
1154 2429 1297 2483 breviores
1317 2432 1383 2483 ante

209 2518 320 2572 vocales
343 2518 454 2588 positae
482 2521 571 2573 metro
596 2518 831 2586 defendebantur,
856 2518 994 2589 (conferas
1013 2519 1225 2586 Brugmannum
1243 2517 1381 2587 „Grande

209 2606 259 2658 der
268 2606 355 2675 vergl.
367 2605 517 2676 Gramm.“,
526 2607 697 2660 Fritsehium
707 2625 788 2675 „zum
794 2606 917 2661 Vocalis.
929 2607 977 2660 des
987 2605 1113 2660 herodot.
1124 2605 1216 2660 Dial.“
1225 2624 1252 2675 p.
1264 2610 1383 2677 δέλεαρ),

209 2711 282 2762 quae
305 2712 429 2765 apocope
453 2695 511 2749 iam
534 2695 658 2749 admissa
681 2696 799 2764 ubique,
823 2697 854 2749 ut
877 2711 929 2765 par
947 2697 1002 2764 est,
1021 2697 1140 2764 possunt
1157 2694 1297 2765 pleniores
1316 2695 1382 2764 legi,

208 2783 285 2837 velut
307 2789 391 2854 2280
411 2781 464 2853 (οἷς
482 2784 500 2839 i.
520 2786 555 2854 e.)
575 2780 629 2839 olc'
650 2782 784 2854 dyavoto’
807 2780 993 2856 βελέεσσιν,
1017 2784 1094 2851 quod
1119 2784 1287 2838 mutandum
1304 2783 1382 2838 vide·

208 2872 293 2926 batur
302 2871 432 2926 Nauckio
447 2872 477 2926 in
496 2869 550 2926 οἵτ’
568 2874 695 2942 ἀγανοῖσι
716 2870 839 2945 βέλεσσιν
854 2872 891 2926 ad
904 2871 1110 2926 restituendum
1125 2874 1257 2943 ἀγανοῖσι
1271 2871 1382 2926 abiecta

210 2960 300 3015 dativi
324 2958 461 3034 βελέεσσιν
484 2961 553 3016 item
571 2961 725 3016 vetustiore
748 2961 838 3017 forma
856 2960 961 3032 scripta
978 2961 1114 3015 memoria
1133 2961 1238 3031 optime
1258 2961 1381 3030 defensa,

208 3049 238 3102 id
257 3051 333 3119 quod
353 3051 577 3105 adversariorum
595 3050 701 3105 iustum
720 3050 854 3105 excitavit
872 3050 959 3104 risum
973 3053 1005 3104 ut
1018 3050 1175 3104 Ludwichii
1190 3051 1292 3121 „Arist
1307 3051 1381 3106 hom.

207 3138 338 3195 Textkr.“
353 3139 379 3192 11
392 3157 419 3209 p.
436 3146 487 3193 263
498 3158 571 3209 sqq.;
590 3140 773 3212 (adminiculo
788 3140 908 3195 fortasse
928 3143 971 3194 est
989 3139 1055 3194 huic
1073 3139 1114 3194 rei
1133 3139 1223 3194 sexies
1238 3140 1381 3195 inHome-

206 3227 271 3282 ricis
291 3228 461 3283 carminibus
480 3229 588 3284 tradita
605 3230 696 3284 forma
714 3232 852 3285 τοῖσδεσσι
878 3208 1139 3300 10f9Ludwichium
1156 3229 1175 3285 l.
1190 3229 1209 3284 l.
1223 3249 1250 3300 p.
1266 3236 1317 3283 267
1329 3233 1380 3297 sq.)

207 3319 269 3371 01ta
288 3318 441 3372 secundum
455 3318 529 3373 hanc
543 3335 697 3389 apocopem
711 3336 745 3374 ex
754 3321 767 3349 *
776 3322 868 3391 τοῖσ(ι)
883 3322 983 3389 ὃεσσι);
997 3319 1104 3374 formae
1118 3317 1293 3387 vetustiores,
1309 3334 1381 3387 quae

207 3405 300 3458 adbuc
319 3407 459 3461 cedebant
477 3408 644 3478 digammae,
664 3409 771 3478 velutq
789 3414 821 3462 17
840 3407 866 3463 τ’
884 3408 993 3463 ἐπέεσσι
1011 3410 1152 3462 mutatum
1166 3407 1196 3460 in
1210 3427 1240 3462 τε
1253 3407 1380 3476 finirer,

207 3493 256 3547 ubi
284 3494 342 3547 iam
366 3495 452 3549 scribi
474 3496 539 3550 volo
560 3497 591 3551 τ’
610 3493 756 3565 finissem
786 3513 841 3550 vox
863 3495 891 3566 γ’
922 3497 1041 3551 eandem
1067 3499 1181 3567 propter
1210 3496 1381 3566 digammam

207 3582 300 3635 adbuc
317 3581 458 3638 immerito
478 3584 569 3638 eiecta
588 3586 685 3638 contra
704 3585 838 3655 scriptam
856 3585 1027 3653 memoriam,
1050 3585 1127 3639 velut
1141 3592 1163 3639 Α
1177 3589 1229 3640 548
1247 3582 1381 3654 πρότερος

205 3672 255 3726 τὸν
273 3670 300 3741 ρ)
315 3669 441 3727 selescar
457 3672 568 3742 (Nauck
581 3671 715 3742 πρότερος
728 3674 777 3729 τὸν
791 3671 931 3744 ,felcamb
952 3674 1009 3728 ἐσσι
1023 3674 1105 3728 unice
1118 3672 1268 3727 Homerica
1282 3673 1380 3741 forma,

205 3760 283 3813 velut
297 3782 312 3829 ρ
328 3766 389 3829 388,
403 3761 459 3815 αἰεὶ
477 3762 597 3832 χαλεπὸς
614 3764 679 3831 περὶ
697 3763 811 3818 πάντων
831 3761 896 3817 doo’
913 3763 1090 3833 μνηστήρων,
1110 3762 1145 3815 de
1164 3778 1219 3831 quo
1233 3779 1316 3815 versu
1331 3761 1380 3815 de-

206 3849 331 3917 speravit
355 3850 456 3903 Nauck
478 3850 611 3921 (Melang.
631 3851 709 3906 Grec.
731 3852 802 3905 Rom
816 3852 941 3920 Π1250),
960 3851 1035 3919 quod
1055 3846 1095 3914 εἷς
1119 3853 1208 3904 metro
1232 3850 1380 3905 videbatur

206 3937 332 4005 defendi3
350 3937 507 3992 Aristarchi
526 3940 563 3993 ad
582 3961 600 3994 α
621 3946 671 3994 112
691 3944 802 4010 stylo
823 3956 864 3994 ex.
883 3957 924 4009 gr.
944 3939 1081 3993 lectiones
1100 3939 1237 4009 optimae,
1256 3939 1305 4007 qui
1328 3957 1378 4008 pro

206 4028 254 4081 καὶ
272 4024 439 4095 προτίθεντο
459 4026 502 4081 ἰδὲ
521 4026 589 4096 κρέα
608 4031 637 4082 et
656 4029 683 4083 οἳ
697 4027 724 4083 d'
743 4029 809 4092 ἰθὺς
827 4028 984 4099 κατάγοντο
1004 4027 1043 4082 ἰδ’
1062 4025 1135 4083 ἱστία
1153 4045 1209 4082 non
1228 4028 1378 4098 scribebat,

205 4118 237 4168 ut
256 4116 348 4170 adhue
367 4116 536 4170 credebatur
554 4115 703 4186 πρότιθεν,
727 4119 770 4172 τοὶ
789 4116 820 4171 δὲ
839 4115 908 4186 κρέα
926 4134 1017 4184 neque
1036 4115 1161 4187 κάταγόν
1179 4138 1223 4172 τοι
1246 4115 1273 4171 d’
1296 4115 1377 4187 ἱστία,

205 4235 238 4244 -
253 4221 320 4258 nam
334 4221 418 4274 aegre
433 4204 628 4260 desiderantur
641 4205 752 4259 mediae
760 4205 873 4261 -formae
887 4238 921 4246 -
935 4222 1033 4260 verum
1046 4204 1216 4275 τροτίθεντ’
1237 4204 1280 4259 τοί
1298 4208 1330 4259 δε
1350 4209 1379 4260 et

204 4291 358 4363 κτείνοντ’
380 4314 424 4348 τοι
443 4293 470 4347 d’
492 4292 572 4348 ἱστία.
615 4295 707 4362 Atque
726 4294 770 4347 his
790 4298 819 4349 et
837 4295 976 4349 similibus
994 4295 1064 4349 locis
1084 4295 1166 4350 credo
1186 4311 1238 4365 ego
1256 4292 1378 4364 primum

203 4379 276 4434 illud
289 4381 313 4436 τ’
326 4386 440 4453 propter
454 4386 618 4453 sequentem
632 4383 752 4438 eandem
764 4383 891 4439 litteram
906 4384 1042 4440 excidisse
1057 4388 1086 4439 et
1099 4384 1260 4455 paulopost
1273 4384 1377 4438 formas

203 4487 316 4538 prorsus
334 4472 477 4542 neglectas
497 4473 533 4526 ab
553 4471 627 4528 aliis.
