3342 5168
262 376 282 439 6
502 373 643 438 Quantum
660 371 789 426 noverint
806 371 917 440 antiqui
934 371 1053 426 lectores
1072 387 1192 427 carmen.

261 537 404 602 fabulam
423 534 466 623 (v.
488 536 551 599 122
566 557 627 621 sq.,
647 533 726 622 126)
749 538 976 600 commemorat
1002 535 1040 598 de
1062 533 1103 599 Is.
1129 538 1161 598 et
1179 532 1261 600 Osir.
1280 558 1310 618 p.
1325 535 1433 621 361b3

262 645 301 708 de
330 644 390 707 def.
420 642 536 707 oracul.
560 665 591 727 p.
614 643 727 727 417b3
759 641 835 706 ibid.
858 665 888 726 p.
911 641 1012 706 4136.
1058 641 1173 706 Erides
1206 641 1367 726 significat
1399 642 1434 706 in

264 749 363 815 Oonv.
382 749 510 826 Quaest.
530 772 560 833 p.
581 749 672 813 7366
691 747 734 836 (v.
756 746 825 835 11);
848 749 883 812 in
904 748 1015 812 libello
1039 749 1076 812 de
1100 770 1165 833 cap.
1190 770 1229 812 ex
1251 748 1339 813 inim.
1362 748 1432 813 util.

262 880 291 941 p.
312 857 384 921 926
403 855 446 944 (v.
466 856 508 921 23
522 853 606 943 sq.)3.
622 856 658 919 in
678 855 763 920 libro
782 856 820 919 de
843 856 1007 939 tranquill.
1027 856 1125 920 animi
1143 879 1173 938 p.
1191 855 1282 919 4736
1299 853 1343 943 (v.
1362 853 1434 943 25)3

262 965 298 1027 in
318 963 430 1028 libello
455 963 493 1026 de
517 962 587 1026 aud.
610 966 695 1046 poet.
718 985 748 1046 p.
768 962 841 1026 366
865 960 907 1049 (v.
925 961 997 1049 4o);
1025 963 1061 1026 in
1082 962 1262 1047 fragmento
1287 963 1433 1047 opusculi

263 1070 301 1135 (16
333 1070 440 1135 anima
472 1069 558 1153 apud
584 1067 792 1133 Duebnerum
815 1068 846 1134 V
872 1091 902 1151 p.
925 1069 963 1132 11
989 1067 1032 1156 (v.
1051 1068 1094 1132 42
1108 1065 1183 1154 sq.);
1210 1069 1244 1132 in
1271 1069 1365 1133 libris
1395 1069 1433 1132 (16

263 1200 332 1261 cup.
362 1176 451 1239 divit.
479 1199 509 1258 p.
533 1174 625 1239 5276
657 1178 689 1239 61
721 1172 807 1258 Sept.
842 1198 908 1259 sap.
937 1197 1026 1240 conv.
1054 1198 1084 1259 p.
1110 1175 1172 1239 157
1188 1176 1209 1240 f.
1238 1173 1281 1263 (v.
1304 1175 1348 1240 45
1364 1174 1434 1262 sq).

264 1282 360 1348 Oaret
383 1282 570 1346 testimonio
594 1303 695 1370 unum
716 1281 929 1346 Prooemium.

352 1389 401 1453 De
418 1387 481 1452 hoc
499 1387 640 1452 dubitari
659 1409 754 1472 posse
773 1409 810 1452 eo
829 1389 935 1454 minus
955 1392 1005 1452 est
1020 1388 1211 1475 negandum,
1230 1412 1293 1474 quo
1307 1389 1435 1474 planius

264 1496 394 1581 scripsit
422 1494 615 1559 Plutarchus
644 1495 679 1558 in
702 1491 833 1559 Oonviv.
858 1499 979 1579 quaest.
1005 1494 1050 1582 (9,
1072 1518 1101 1579 p.
1123 1494 1228 1584 7366)
1250 1494 1341 1561 haec:
1369 1499 1435 1562 Διὸ

263 1613 396 1688 πρῶτον
428 1599 490 1685 μὲν
523 1600 694 1667 ἐκέλευσεν
726 1596 804 1689 ᾆσαι
835 1603 895 1666 τὸν
924 1600 1091 1688 Ἐράτωνα
1122 1605 1205 1688 πρὸς
1231 1604 1293 1687 τὴν
1321 1605 1435 1690 λόραν.

264 1709 406 1797 ᾄσαντος
439 1705 476 1773 δὲ
508 1709 553 1772 rol
584 1718 718 1790 πρῶτα
749 1719 826 1774 τῶν
849 1706 1009 1792 Ἔργων·
1043 1708 1103 1774 οὐκ
1131 1711 1195 1794 ἄρα
1222 1718 1350 1793 μοῦνον
1379 1712 1436 1793 ἔην

260 1813 404 1899 Ἔρίδων
431 1813 545 1898 γένος,
569 1812 727 1899 ἐπῄνεσεν
753 1820 820 1879 κτλ.
870 1812 1003 1879 Accedit
1034 1815 1210 1880 Pausanias
1244 1813 1293 1903 (9,
1311 1816 1369 1901 31,
1386 1814 1437 1903 4):

265 1927 424 1987 Βοιωτῶν
461 1917 498 1985 δὲ
535 1922 570 1985 ol
602 1919 677 2005 περὶ
708 1922 768 1985 τὸν
796 1919 956 1986 Ἑλικῶνα
988 1923 1158 1998 οἰκοῦντες
1189 1921 1437 2007 παρειλημμένα

266 2027 345 2112 δόξῃ
378 2025 535 2109 λέγουσιν
568 2025 613 2102 ὡς
645 2027 725 2091 ἄλλο
748 2025 906 2103 Ἡσίοδος
934 2035 1070 2110 ποιῆσαι
1099 2025 1199 2094 οὐδὲν
1226 2029 1246 2112 ἢ
1274 2030 1314 2094 τὰ
1332 2028 1437 2114 Ἔργα

264 2132 320 2199 καὶ
348 2133 476 2198 τούτων
504 2129 540 2196 δὲ
564 2134 606 2196 τὸ
635 2131 672 2209 ές
693 2133 761 2208 τὰς
783 2134 948 2210 Μούσας
970 2132 1186 2218 ἀφαιροῦσι
1209 2139 1436 2220 προοίμιον,

265 2241 371 2326 ἀρχὴν
394 2248 452 2322 τῆς
475 2240 637 2322 ποιήσεως
661 2234 806 2304 εἶναιτὸ
831 2238 864 2315 ές
886 2240 944 2316 τὰς
957 2238 1094 2325 Ἔριδας
1117 2240 1281 2324 λέγοντες·
1304 2246 1363 2307 καί
1380 2267 1437 2327 μοι

265 2347 437 2432 μόλυβδον
460 2345 664 2428 ἐδείκνυσαν,
689 2347 773 2410 ἔνθα
796 2345 817 2428 ἡ
840 2346 939 2429 πηγή,
961 2347 1001 2410 rol
1024 2347 1130 2412 πολλὰ
1153 2348 1217 2413 ὑπὸ
1236 2358 1296 2414 τοῦ
1314 2353 1437 2434 χρόνον

266 2451 528 2538 λελυμασμένον·
567 2450 786 2538 ἐγγέγραπται
818 2448 855 2516 δὲ
887 2451 976 2540 αὐτῷ
1006 2454 1046 2517 τὰ
1060 2438 1176 2539 Ἔργα.
1223 2456 1291 2519 ἔστι
1319 2452 1356 2519 δὲ
1382 2453 1437 2519 καὶ

267 2559 362 2646 ἑτέρα
398 2557 622 2645 κεχωρισμένη
659 2567 718 2642 τῆς
753 2556 929 2644 προτέρας,
966 2558 1011 2634 ὡς
1047 2561 1154 2625 πολόν
1185 2584 1260 2626 τινα
1298 2560 1387 2626 ἐπῶν
1419 2561 1437 2627 ὁ

261 2665 418 2742 Ἡσίοδος
450 2665 596 2751 ἀριθμὸν
627 2667 796 2749 ποιήσειεν
824 2663 857 2741 ἐς
884 2666 1043 2747 γνναϊκός
1069 2691 1105 2732 τε
1132 2663 1279 2754 ᾀδόμενα
1295 2717 1437 2733 .......

265 2771 476 2855 παραινέσεις
498 2795 533 2836 τε
548 2775 716 2857 Χείρωνος
740 2769 791 2835 ἐπὶ
816 2772 1013 2858 διδασκαλίᾳ
1032 2768 1183 2859 δ1(οο61.
1204 2771 1260 2860 δὴ)
1278 2783 1317 2859 τῇ
1335 2773 1438 2858 Ἀχιλ-

266 2879 362 2963 λέως,
395 2877 449 2944 καὶ
483 2879 544 2944 ὅσα
575 2876 628 2943 ἐπὶ
647 2877 782 2963 Ἔργοις
809 2901 844 2942 τε
870 2876 925 2941 καὶ
949 2875 1115 2962 Ἡμέραις.
1160 2879 1314 2945 Pluribus
1341 2881 1438 2944 rebus

265 2986 371 3050 lucem
399 2986 492 3049 affert
518 2985 581 3048 hoc
603 2984 839 3067 testimonium,
868 2982 951 3048 unde
974 2983 1131 3048 discamus
1161 2983 1196 3072 1)
1218 2985 1337 3069 legisse
1359 2984 1438 3049 Ρ66-
1539 3035 1542 3040 .

160 3122 161 3125 “
270 3092 394 3155 saniam
432 3094 464 3154 et
501 3090 570 3153 eius
603 3089 750 3173 aequales
784 3089 819 3152 in
851 3089 930 3153 suis
963 3090 1198 3174 exemplaribus
1229 3091 1439 3177 prooemium,

267 3197 409 3261 Boeotos
431 3218 498 3260 non
521 3195 725 3281 adgnouisse,
749 3193 783 3282 2)
803 3195 903 3260 fuisse
926 3196 1114 3279 plumbeum
1133 3197 1290 3282 quendam
1308 3197 1439 3284 librum,

268 3304 334 3368 sive
366 3303 469 3367 mavis
501 3302 629 3366 tabulas
660 3302 841 3387 plumbeas,
874 3304 907 3366 in
941 3303 1058 3387 quibus
1090 3305 1291 3388 prooemium
1322 3305 1439 3390 deerat,

268 3409 303 3498 3)
326 3433 422 3474 usum
445 3431 514 3473 esse
536 3408 730 3473 Pausaniam
751 3409 933 3493 promiscue
954 3410 1143 3475 nominibus
1160 3410 1264 3496 Ἔργα
1287 3414 1320 3475 61
1334 3410 1439 3497 Ἔργα

267 3515 322 3582 καὶ
341 3514 482 3600 Ἡμέραι
509 3515 548 3579 (16
574 3537 639 3579 666
667 3515 840 3599 eodemque
863 3516 1016 3602 carmine,
1045 3515 1081 3603 4)
1104 3517 1205 3581 161666
1227 3518 1295 3582 6166
1319 3522 1439 3602 tempo-

267 3623 358 3686 ribus
392 3622 548 3706 quaedam
580 3621 795 3687 additamenta
828 3620 987 3706 Operibus
1021 3623 1178 3688 adiuncta.
1226 3623 1274 3688 De
1306 3625 1439 3709 reliquis

268 3729 331 3794 erit
359 3750 417 3793 suo
444 3728 515 3793 Ιο6ο
544 3729 724 3793 dicendum:
751 3751 837 3793 nunc
864 3729 944 3793 satis
972 3733 1036 3816 661,
1063 3730 1150 3812 quod
1171 3729 1290 3815 legisse
1313 3735 1440 3796 constat

267 3835 461 3900 Pausaniam
483 3835 615 3919 eiusque
639 3835 787 3919 aequales
810 3833 1022 3899 Prooemium.
1068 3834 1177 3901 Addas
1200 3837 1266 3923 his,
1293 3860 1312 3902 a
1334 3835 1439 3902 Dione

269 3942 502 4025 Chrysostomo
512 3941 717 4007 Prooemium
730 3943 894 4028 integrum
906 3941 1074 4006 laudatum
1088 3964 1158 4007 esse
1163 3941 1200 4030 ¹),
1213 3943 1253 4008 ab
1263 3942 1406 4008 Aristide
1412 3940 1438 4031 ²)

268 4071 397 4114 versum
416 4048 451 4134 5,
479 4071 571 4133 quem
601 4049 699 4113 etiam
721 4046 915 4132 Apollonius
938 4047 1099 4132 Dyscolus
1121 4048 1296 4138 noveratl)
1342 4048 1439 4115 Valet

269 4156 371 4240 igitur
389 4156 428 4220 (16
446 4154 611 4219 Plutarchi
630 4158 735 4220 aetate
753 4155 847 4240 idem,
866 4155 952 4239 quod
970 4155 1099 4220 valebat
1117 4156 1155 4220 de
1173 4155 1297 4221 Proclo.
1329 4154 1438 4221 Altius

268 4261 464 4326 recedamus:
484 4262 634 4326 adeamus
650 4260 885 4326 Alexandrinos
905 4265 937 4326 et
956 4262 1063 4345 quarti
1083 4261 1201 4327 saeculi
1215 4260 1438 4327 Athenienses.

360 4405 386 4471 1)
405 4419 431 4456 v.
452 4406 520 4454 1-a
539 4400 569 4453 in
588 4403 658 4456 oras.
678 4406 722 4470 ao,
741 4405 775 4453 24
793 4418 820 4469 p.
836 4405 887 4454 ssa
901 4401 934 4454 a.

359 4494 386 4561 2)
403 4491 510 4546 Rornae
528 4490 603 4545 laud.
625 4496 639 4544 1
658 4509 685 4569 p.
701 4495 760 4544 338.
848 4493 874 4561 3)
892 4489 934 4544 De
953 4489 1066 4545 adverb.
1085 4507 1112 4558 p.
1128 4495 1179 4546 562
1194 4490 1226 4546 B.
