3342 5168
276 297 320 362 42
433 298 474 353 De
493 299 607 353 scholiis
627 316 661 353 ex
679 299 771 355 Procli
790 302 819 355 et
832 300 942 356 Veteris
962 304 1108 356 comment.
1128 301 1283 372 exscriptis.

275 471 336 528 τοῦ
359 461 557 548 παυομένων
579 472 639 529 τοῦ
662 463 819 547 θηλάζειν
836 462 892 529 καὶ
911 465 966 529 διὰ
984 474 1081 530 τοῦτο
1100 468 1230 551 ψυχρὸν
1248 466 1333 549 γάλα
1352 464 1444 550 ἐχου-

277 580 353 635 σῶν.
390 579 435 658 τῷ
459 571 521 656 γάρ
545 580 648 658 καιρςό
671 568 734 656 (είς
756 572 816 636 τὸν
836 573 899 657 γάρ
917 573 1036 656 καιρὸν
1053 569 1096 658 Β)
1114 582 1174 638 τοῦ
1192 571 1316 658 θέρους
1334 571 1444 639 οὐκέτι

275 675 473 763 θρομβῶὸές
505 675 642 764 (θρυμβ.
665 674 710 764 Α)
744 676 812 742 ἐστι
844 679 886 743 τὸΙ
913 677 997 760 γάλα
1030 676 1108 769 ἀλλ’,
1134 678 1357 765 ὑδαρέστερον
1388 676 1443 744 καὶ

275 783 412 849 κάλλιον
435 782 455 867 ἢ
478 784 558 868 μετά
580 785 639 849 τὸν
658 786 791 850 τοκετὸν
809 782 1054 869 ἀμελγομένων·
1079 791 1150 869 „elo
1173 790 1310 872 πετραίη
1334 786 1444 869 σκίηι“

276 888 365 977 (σκιη
392 888 448 979 Β)·
480 892 554 957 τότε
587 888 669 975 φησί
702 889 765 956 ἀπὸ
799 893 897 977 ἔργον
928 893 1067 974 ποιήσας
1099 891 1293 958 άνάτιαυσον
1325 891 1445 958 ἑαυτὸν

276 996 311 1063 ἐκ
334 994 371 1085 (l)
398 1001 561 1064 κατασκίω
590 1000 691 1063 τάττω
719 1001 869 1084 βίβλινος
892 996 941 1063 δέ·
978 993 1070 1076 οίνος
1093 998 1156 1065 άπὸ
1184 997 1331 1084 άμκέλου
1358 999 1444 1065 οὕτω

274 1103 480 1189 καλουμένης
511 1102 531 1188 ἢ
563 1102 639 1191 (om.
672 1102 714 1191 B)
747 1102 811 1169 άιιὸ
843 1115 910 1170 τῶν
941 1109 1103 1190 βιβλίνων
1135 1106 1232 1187 ὀρῶν.
1278 1103 1445 1191 Advertcs,

275 1233 407 1297 quaeso,
439 1233 520 1295 quoe
552 1213 628 1275 sunt
660 1233 679 1274 e
710 1210 794 1293 γάλα
826 1208 854 1276 τ’
886 1213 990 1293 αίγῶν
1022 1232 1123 1296 usque
1156 1212 1195 1276 ed
1223 1214 1283 1278 τὸν
1310 1215 1444 1279 τοκετὸν

275 1318 511 1404 άμελγόμενον,
533 1318 568 1381 in
590 1317 684 1382 libris
706 1316 875 1383 Hesiodeis
903 1318 962 1382 sub
985 1318 1092 1384 Procli
1113 1319 1242 1383 nomine
1265 1340 1345 1405 esse,
1372 1340 1445 1383 cum

274 1429 383 1490 temen
409 1424 628 1509 Etymologici
658 1426 822 1489 auctorem
848 1424 883 1488 in
910 1429 1022 1509 aperto
1051 1426 1093 1489 sit
1121 1425 1229 1490 omnia
1256 1447 1314 1490 sua
1340 1429 1377 1489 ut
1405 1436 1445 1490 ex
1532 1449 1534 1453 ’

275 1532 370 1597 unius
390 1531 593 1615 eiusdemque
611 1531 797 1616 interpretis
816 1531 916 1615 copiis
935 1532 1052 1596 hausta
1070 1553 1257 1616 proponere.
1295 1528 1445 1597 Oeterum

274 1639 334 1704 hec
356 1639 441 1703 faeta
463 1638 702 1723 comparatione
726 1638 863 1702 elucebit
883 1638 988 1725 simul,
1011 1638 1062 1702 cui
1085 1638 1198 1703 debeat
1216 1638 1340 1724 Tzetzo,
1363 1660 1444 1723 quae

274 1744 405 1809 exhibet
424 1742 468 1832 (p.
489 1742 583 1833 343):
607 1745 624 1811 ὁ
645 1746 852 1831 νεοφύρατος
869 1743 924 1810 καί
943 1747 1060 1822 λεπτὸς
1077 1743 1132 1810 καί
1150 1747 1315 1831 τρυφερὸς
1334 1747 1444 1831 άρτος·

274 1853 362 1938 παρὰ
385 1854 422 1918 τὸ
445 1855 534 1937 μαζῶ
557 1853 594 1917 τὸ
618 1853 728 1938 φάρω·
752 1850 772 1934 ἢ
795 1853 883 1938 παρὰ
901 1854 939 1917 τὸ
958 1851 1072 1936 μάσσω
1091 1853 1128 1916 τὸ
1147 1851 1310 1936 μαλάσσω.
1346 1854 1445 1938 άρτος

275 1955 313 2023 dl
341 1958 359 2024 ὁ
387 1957 488 2042 μέγας
510 1955 564 2022 καλ
588 1959 712 2044 άρτιος·
740 1957 813 2023 κάν
841 1960 881 2023 οί
901 1969 977 2023 τῶν
1000 1968 1281 2044 γραμματικῶν
1304 1961 1444 2045 γριφό-

274 2070 415 2130 κλοκοι
443 2067 525 2149 μᾶζα
551 2070 678 2148 μᾶλλον
699 2070 838 2129 καλοῦσι
861 2066 899 2130 τὸ
923 2063 1023 2149 ξηρὸν
1045 2061 1100 2128 καὶ
1124 2065 1263 2150 στεββὸν
1286 2064 1444 2146 άρτίδιον.

273 2169 373 2236 Vides
398 2193 470 2235 eum
498 2171 564 2235 suis
587 2170 737 2235 uberiora
759 2170 930 2235 invenisse:
961 2192 1020 2235 suo
1048 2175 1156 2235 autem
1185 2192 1274 2235 more
1301 2172 1336 2235 in
1364 2192 1444 2255 quos

273 2276 452 2363 invehitur,
485 2277 531 2341 eis
556 2275 728 2362 subripuit,
751 2276 907 2361 quidquid
933 2277 1031 2341 habet
1058 2276 1229 2341 doctrinae.
1276 2277 1338 2342 sed
1364 2277 1445 2342 illud

275 2406 403 2469 quoque
434 2383 503 2448 noli
534 2384 625 2468 parvi
657 2384 773 2466 facere,
806 2383 891 2468 quod
921 2382 957 2447 in
983 2387 1034 2448 tot
1061 2383 1257 2449 testimoniis
1285 2383 1445 2449 Hesiodea

274 2495 383 2557 temen
401 2490 523 2556 scholia
540 2489 662 2554 hebent
679 2489 834 2573 quaedam
849 2491 941 2574 quasi
955 2489 1096 2574 propria,
1114 2512 1133 2552 a
1146 2490 1280 2574 reliquis
1295 2488 1444 2578 alienc1):

275 2599 358 2683 μάζα
381 2593 418 2662 dl
441 2596 604 2681 άμολγαίη
627 2597 700 2679 ἤτοι
723 2596 744 2679 ἡ
767 2597 886 2678 κυκνη,
910 2596 954 2673 ῶς
977 2594 1031 2660 καὶ
1050 2597 1169 2673 νυκτὸς
1188 2596 1334 2681 άμολγὸν
1354 2591 1444 2662 εἶπεν

266 2702 408 2789 Ὅμηρος
432 2706 469 2769 τὸ
493 2702 563 2768 ἐκεῖ
583 2705 711 2768 πυκνὸν
730 2703 785 2767 διὰ
804 2704 840 2767 τὸ
861 2705 988 2779 σκότος·
1012 2701 1121 2785 ἢτην
1139 2701 1381 2787 μεμιγμένην
1404 2702 1445 2768 έν

273 2820 324 2899 τῷ
342 2809 520 2895 άμολγεϊ·
539 2815 678 2875 καλοῦσι
698 2806 736 2874 dl
754 2809 840 2874 οὕτω
860 2810 897 2874 τὸ
917 2808 1062 2892 ἀγγεῖον,
1086 2811 1133 2886 είς
1151 2809 1169 2874 ὃ
1188 2811 1225 2875 τὸ
1245 2809 1329 2892 γάλα
1348 2807 1445 2894 άμέλ-

274 2934 379 3001 γουσι.
402 2918 440 2982 τὸ
455 2912 492 2981 δὲ
506 2916 590 2999 γάλα
604 2926 672 2980 τῶν
686 2918 791 2999 αἰγῶν
801 2915 865 2998 ἤδη
880 2915 1136 2999 σβεννυμενάων
1147 2917 1212 3000 ἔχει
1226 2939 1258 2980 τι
1273 2915 1444 3001 διαφέρον,

275 3024 320 3100 ὡς
343 3024 423 3107 μήτε
446 3022 570 3105 ὀρῶδες
592 3024 673 3106 μήτε
695 3022 937 3106 πνευματῶδες,
960 3020 1043 3086 άλλά
1066 3022 1207 3105 μάλιστα
1225 3019 1444 3107 πεπεμμένον,

274 3129 320 3206 ὡς
343 3128 406 3195 ἀπὸ
429 3137 533 3213 νομῆς
552 3126 769 3212 στερεωτέρας
788 3128 914 3207 συστὰν
931 3125 986 3192 καὶ
1005 3131 1142 3214 μετρίαν
1161 3130 1238 3212 ἔχον
1257 3128 1444 3212 εὐκρασίαν.

364 3234 450 3300 Setis
481 3234 546 3299 iam
578 3234 674 3298 nobis
706 3233 850 3297 ridemur
883 3233 1131 3320 demonstrasse,
1163 3233 1249 3319 quod
1280 3234 1446 3318 posuimus

274 3343 312 3406 de
340 3339 504 3426 perpetuis
533 3339 772 3404 commentariis
798 3339 863 3404 iem
894 3339 1019 3423 pridem
1048 3362 1107 3424 per
1137 3341 1279 3426 syllogus
1307 3340 1444 3405 scholio-

273 3470 347 3514 rum
376 3446 538 3512 oblivione
566 3446 691 3511 obrutis
719 3449 750 3511 et
778 3468 797 3510 a
825 3446 992 3510 doctorum
1020 3468 1081 3510 usu
1108 3447 1307 3512 abalienatio.
1354 3446 1446 3523 Quod

273 3556 396 3620 fectum
418 3556 469 3618 est
491 3556 566 3617 ante
590 3574 667 3617 saec.
688 3551 732 3638 X,
760 3553 878 3637 quibus
905 3553 1105 3636 temporibus
1132 3554 1348 3637 compositum
1376 3575 1446 3617 esse

274 3664 402 3728 constat
420 3659 685 3745 Etymologicum
706 3659 788 3723 illud
811 3658 901 3744 μέγα.
934 3658 1014 3723 Veri
1033 3662 1140 3725 autem
1159 3663 1207 3724 cst
1227 3660 1341 3746 simile,
1362 3658 1446 3725 hunc

274 3768 469 3835 scholiorum
497 3766 692 3851 ferruginem
721 3766 815 3830 initio
845 3766 966 3829 nullius
997 3767 1137 3830 auctoris
1165 3788 1284 3831 nomen
1312 3788 1389 3850 pree
1412 3788 1446 3830 se

273 3876 399 3961 tulisse,
427 3875 455 3939 si
482 3873 612 3959 quidem
634 3872 845 3937 Eustethium
873 3857 970 3954 supra
991 3870 1131 3935 vidimus
1155 3872 1325 3958 „antiquos
1349 3873 1446 3937 inter-

273 3980 398 4068 pretes“
424 3979 577 4046 Hesiodei
609 3979 758 4044 carminis
790 3999 857 4041 non
882 3976 1076 4041 nominatim
1100 3977 1293 4045 laudantem.
1339 3978 1445 4042 Multo

272 4090 411 4155 fortusse
437 4089 527 4172 post,
554 4087 665 4151 eodem
693 4085 760 4148 fere
783 4083 878 4148 modo
901 4086 939 4147 ut
961 4083 1086 4147 minore
1108 4085 1148 4148 cd
1170 4082 1301 4148 iliadem
1324 4083 1446 4149 scheba

273 4199 423 4262 revocata
450 4195 526 4259 sunt
554 4191 594 4255 cd
616 4190 749 4274 Didymi
775 4210 905 4276 nomen,
933 4193 1025 4254 cento
1053 4190 1107 4254 ille
1133 4189 1313 4255 Hesiodeus
1338 4189 1446 4255 Procli

274 4337 485 4348 .-—.--—--⁴

365 4427 390 4491 1)
409 4420 479 4476 ibid.
498 4438 525 4491 p.
541 4424 601 4474 342.
640 4417 680 4474 of.
700 4416 788 4472 etium
805 4415 987 4471 Eustethium
1005 4416 1042 4471 ed
1059 4415 1140 4471 Iliad.
1158 4434 1185 4487 p.
1202 4423 1280 4487 1018,
1295 4422 1408 4472 10-20.
