3342 5168
431 384 474 439 De
492 384 601 440 Veteris
620 385 784 456 Interpretis
803 385 912 440 ratione
930 385 1143 456 interpretandi.
1327 388 1368 452 27

199 548 305 612 εἰπεῖν
329 544 502 632 σφέτερον·
546 549 583 613 τὸ
607 549 670 633 γὰρ
694 560 801 633 σφῶν,
825 549 949 633 αὐτῶν,
977 551 1015 615 τὸ
1039 547 1076 615 δέ
1099 548 1165 635 ἑὸν,
1188 551 1291 617 αὐτοῦ
1314 568 1370 637 ση-

199 657 316 737 μαίνει.
359 651 544 738 μέμφονται
573 651 610 720 δὲ
637 656 696 720 τὸν
720 653 879 722 Ἡσίοδον
906 658 941 722 ot
970 656 1045 742 περὶ
1065 655 1298 741 Ἀπολλώνιον,
1320 658 1371 723 dcc

200 757 297 847 ἑνικῷ
332 758 407 825 ἀντὶ
434 770 493 826 τοῦ
520 768 750 845 πληθυντικοῦ
779 762 955 847 ἐχρήσατο,
987 754 1108 847 ὁμοίως
1135 760 1172 829 δὲ
1199 762 1254 829 καὶ
1281 766 1371 831 Καλ-

199 869 335 951 λίμαχος
357 869 500 932 αἰτιᾶται
524 869 580 932 διδι
602 870 639 933 τὸ
663 868 754 933 αὐτό.
795 867 891 954 Haec,
915 889 978 952 qua
1001 874 1051 934 est
1074 871 1233 956 socordia,
1256 871 1371 936 Taetza

198 972 313 1037 Proolo
346 973 498 1038 attribuit
532 974 587 1062 (ad
613 997 642 1039 v.
666 975 709 1041 56
741 998 771 1059 p.
798 972 870 1062 82),
902 998 974 1041 cum
1006 979 1115 1041 tamen
1147 977 1267 1042 distent
1298 982 1370 1042 toto

199 1079 287 1145 coelo
311 1079 538 1145 aProclianis:
562 1093 634 1159 τοϊς
657 1081 851 1166 ἀνθρώποις
873 1080 929 1147 καὶ
947 1093 1018 1159 τοίς
1036 1082 1292 1168 ὑποδεξαμένοις
1311 1084 1371 1166 τὴν

198 1188 333 1253 ἄνωθεν
359 1193 541 1253 κλαπείσαν
569 1187 680 1272 ψυχὴν
706 1186 762 1253 καὶ
790 1190 891 1274 δεῦρο
919 1198 1087 1254 πεσοῦσαν
1115 1191 1236 1256 δώσειν
1257 1194 1371 1273 κακόν,

197 1294 259 1376 τὴν
286 1294 491 1377 Πανδώραν,
523 1295 597 1377 ἢτοι
626 1294 688 1375 τὴν
715 1295 839 1378 ἄλογον
866 1296 993 1380 ψυχήν,
1024 1289 1046 1382 ᾗ
1072 1295 1294 1382 τερπομένους
1321 1300 1371 1380 βι-

199 1401 347 1465 ώσεσθαι
369 1402 407 1464 τὸ
432 1398 559 1466 ἑαυτῶν
581 1400 777 1483 ἀγαπῶντας
795 1404 906 1470 κακόν.
945 1412 990 1490 τῷ
1014 1406 1101 1490 λόγω
1125 1404 1187 1489 γὰρ
1210 1403 1230 1486 ἡ
1254 1403 1371 1486 ἀλογία

200 1509 303 1572 κακόν
310 1557 319 1590 ,
347 1505 510 1589 ἀναγκαία
538 1504 575 1572 δὲ
603 1507 707 1591 ὅμως,
734 1509 790 1573 ἴνα
817 1509 861 1592 μὴ
890 1507 1036 1575 αὐτόθεν
1062 1509 1082 1592 ἡ
1111 1511 1200 1594 ψυχὴ
1226 1518 1370 1595 κοινωνῇ

200 1622 246 1699 τῷ
270 1613 405 1695 σώματι.
441 1610 555 1697 Neque
580 1613 751 1697 quisquam
775 1614 947 1702 dubitabit,
971 1616 1050 1699 quin
1070 1616 1131 1681 hae
1155 1617 1220 1681 sint
1243 1620 1371 1681 tantum

200 1718 355 1802 reliquiae
378 1718 458 1782 satis
482 1719 580 1782 exiles
604 1720 793 1802 copiosioris
818 1721 896 1786 olim
919 1722 1203 1806 interpretationis.

287 1823 469 1889 Memoratu
492 1825 652 1909 imprimis
673 1830 723 1890 est
741 1826 885 1914 dignum,
908 1828 994 1913 quod
1011 1851 1254 1914 nonnumquam
1267 1829 1370 1896 Vetus

199 1933 253 1997 ille
277 1931 386 1997 addito
405 1932 534 1996 nomine
553 1933 840 2017 grammaticorum
859 1934 951 1999 affert
970 1935 1126 2019 quasdam
1144 1940 1200 2000 aut
1217 1936 1370 2002 lectiones

199 2043 254 2105 aut
282 2038 533 2104 observationes.
579 2037 691 2104 Veluti
724 2041 820 2105 modo
849 2041 1030 2107 invenimus
1057 2064 1176 2108 nomen
1203 2041 1371 2127 Apollonii

199 2145 238 2211 ad
259 2168 288 2210 v.
308 2145 351 2210 58
374 2167 404 2228 p.
425 2145 476 2231 82,
500 2148 607 2210 exstat
628 2168 747 2211 nomen
766 2144 890 2211 Seleuci
914 2148 955 2212 ad
972 2171 1000 2213 v.
1021 2149 1065 2213 94
1087 2173 1117 2234 p.
1139 2151 1213 2238 102,
1236 2148 1371 2216 Comani

199 2256 231 2317 et
258 2250 440 2317 Aristarchi
469 2251 509 2317 ad
535 2276 564 2318 v.
589 2254 629 2318 97
659 2277 688 2338 p.
717 2253 795 2338 103,
827 2253 1011 2339 Aristarchi
1043 2255 1083 2320 ad
1110 2279 1138 2320 v.
1158 2257 1223 2324 278
1246 2280 1277 2341 p.
1298 2258 1371 2343 180,

198 2359 330 2444 Didymi
353 2359 393 2423 ad
415 2381 443 2424 v.
463 2358 529 2423 302
553 2382 582 2443 p.
603 2359 669 2424 204
692 2363 750 2425 etc.
786 2359 826 2425 In
848 2360 1098 2446 interpretandis
1121 2364 1257 2450 singulis
1281 2386 1370 2429 voca·

199 2466 286 2530 bulis
318 2466 441 2530 multus
474 2469 557 2553 erat,
588 2488 629 2531 ne
661 2488 714 2531 eas
748 2467 877 2551 quidem
909 2469 1082 2533 omittebat
1110 2470 1370 2557 significationes,

199 2594 280 2657 quae
303 2593 371 2636 non
392 2572 428 2636 in
449 2571 556 2636 locum
578 2573 783 2657 propositum
806 2575 1022 2661 convenirent,
1045 2576 1171 2641 aliunde
1194 2580 1302 2641 tamen
1324 2578 1369 2642 in-

198 2680 399 2764 notuissent,
430 2677 671 2761 Hesiodumque
703 2679 834 2744 omnino
868 2680 993 2745 solebat
1021 2704 1059 2745 ex
1086 2683 1210 2766 reliqua
1236 2705 1369 2767 poeseos

200 2784 338 2850 Graecae
361 2785 515 2849 memoria
536 2784 707 2849 illustrare.
746 2783 864 2849 Confer
882 2787 923 2850 ad
940 2810 969 2852 v.
989 2786 1032 2851 65
1051 2786 1095 2874 (p.
1115 2786 1186 2876 88):
1210 2793 1369 2872 γυιοκό-

200 2912 306 2978 ρους·
339 2893 398 2968 τὰς
430 2894 477 2969 είς
504 2894 606 2978 κύρον
634 2891 778 2974 ἀγούσας
804 2894 844 2958 col
868 2905 946 2975 γυία
973 2894 1046 2976 ἤτοι
1069 2896 1127 2972 τὰς
1149 2894 1242 2982 μέχρι
1266 2899 1369 2981 κόρου

200 2998 380 3076 ἐσθιούσας
398 2999 437 3063 τὰ
456 2997 551 3083 μέλη·
570 2997 591 3083 ἢ
610 3000 668 3077 τδις
687 3001 869 3085 φροντίδας
887 3001 945 3077 τὰς
967 3003 1208 3080 κατεσθιούσας
1230 3004 1270 3067 τὰ
1288 3001 1369 3087 μέλη
1398 3026 1402 3033 ’

153 3108 155 3111 ’
199 3117 269 3183 τοῖς
292 3102 474 3190 χρωμένοις
493 3106 660 3188 δηλονότι·
685 3105 705 3190 ἢ
724 3108 912 3190 μελεδῶνας
930 3108 988 3184 τὰς
1005 3110 1191 3193 τρεφούσας
1209 3111 1247 3175 τὸ
1267 3121 1370 3195 σῶμα,

200 3213 282 3276 ὅθεν
305 3213 343 3277 τὸ
367 3215 556 3298 φροντίζειν
579 3210 654 3299 περὶ
678 3223 736 3297 τῆς
758 3216 912 3299 γαστρός·
936 3213 1069 3298 γυναικὶ
1092 3218 1155 3302 γὰρ
1177 3213 1277 3282 οὐδὲν
1294 3216 1370 3300 μέλ-

199 3324 248 3384 λει
272 3319 353 3384 ἄλλο
376 3317 397 3402 ἣ
420 3320 526 3401 μόνον
548 3321 586 3384 τὸ
606 3330 699 3403 σῶμα
718 3323 907 3405 κατακόρως
924 3321 1071 3408 τρέφειν,
1094 3322 1183 3406 dtu
1201 3327 1369 3389 παναίτιοι

198 3436 269 3502 τοῖς
287 3425 428 3509 ύνδρασι
446 3427 638 3512 φροντίδων
657 3430 729 3492 εἰσί.
766 3425 890 3503 Quibus
908 3450 976 3493 non
994 3428 1117 3515 dubito,
1136 3431 1215 3514 quin
1228 3430 1370 3495 addenda

200 3530 279 3615 sint,
307 3553 389 3614 quae
417 3532 624 3616 praecedunt:
654 3531 709 3598 καὶ
736 3535 794 3611 τὰς
821 3538 1019 3619 γυιοκύρους
1046 3533 1084 3601 δὲ
1110 3538 1298 3621 μελεδῶνας
1325 3537 1370 3613 ὡς

199 3637 239 3701 τδι
262 3648 341 3718 γυῖα
363 3640 559 3722 κοσμούσας.
595 3642 633 3706 τὸ
657 3641 720 3725 γὰρ
743 3654 880 3725 κοσμεῖν
901 3639 957 3706 καλ
979 3644 1158 3708 καλλύνειν
1180 3645 1215 3709 ot
1234 3642 1369 3710 παλαιοὶ

199 3753 312 3826 κορεῐν
349 3745 475 3826 ἔλεγον·
512 3748 549 3810 τὸ
588 3743 625 3811 δὲ
658 3747 855 3836 διδασκῆσαι
887 3746 951 3812 ἀπὸ
983 3757 1043 3813 τοῦ
1076 3749 1221 3814 διδασκῶ
1253 3747 1369 3833 γέγονε

199 3847 459 3932 περισπωμένου.
504 3849 566 3916 Vel
598 3853 638 3917 ad
665 3876 692 3918 v.
720 3854 785 3918 302
814 3850 858 3940 (p.
887 3850 980 3940 204);
1012 3856 1050 3919 τὸ
1082 3850 1143 3938 μὲν
1175 3854 1279 3941 ἀργὸν
1312 3859 1369 3940 ζῆν

200 3952 362 4038 ἑπόμενον
389 3958 455 4040 ἔχει
483 3960 596 4043 λιμύν,
623 3961 661 4025 τὸ
685 3957 716 4024 δ’
743 3956 905 4024 ἐθέλοντα
927 3958 972 4044 μὴ
996 3961 1184 4045 λιμώττειν,
1212 3960 1285 4026 ἀντὶ
1308 3971 1369 4027 τοῦ

200 4059 396 4147 ἐργάζεσθαι
418 4064 593 4148 πράγματα
616 4063 772 4150 παρέχειν
794 4065 918 4148 ἄλλοις,
941 4066 997 4130 ἵνα
1021 4064 1085 4131 ἀπὸ
1103 4067 1231 4132 τούτων
1249 4065 1367 4154 τρέφη-

199 4191 263 4251 ται,
285 4178 435 4253 κηφῆνος
458 4172 557 4256 έργον
580 4168 648 4236 ἐστὶ
666 4169 943 4256 κεκεντρωμένου,
966 4174 1003 4238 τὸ
1027 4171 1101 4256 μέλι
1122 4178 1369 4258 κατεσθίοντος,

199 4274 280 4339 ὅσον
311 4276 349 4339 αί
378 4274 529 4359 μέλισσαι
561 4277 774 4360 συνάγουσιν.
823 4281 992 4365 κόδουρος
1025 4273 1087 4344 οὖν
1119 4281 1137 4346 ὁ
1168 4284 1293 4367 κηφήν,
1324 4282 1369 4358 ὡς

198 4381 360 4466 κεύθερός
395 4406 445 4458 τις
482 4383 529 4448 ὢν
569 4381 624 4448 καὶ
661 4386 698 4450 τὸ
734 4382 874 4471 κέντρον
912 4384 1138 4471 κεκρυμμένον
1176 4388 1273 4470 ἔχων·
1313 4386 1368 4452 καλ

198 4485 384 4573 παρέλαβεν
415 4489 518 4556 αὐτὸν
549 4490 594 4568 ὡς
625 4489 742 4577 ἀργόν
779 4494 885 4576 μόνον
917 4491 980 4577 γὰρ
1013 4493 1050 4557 τὸ
1084 4495 1167 4571 ζῶον
1198 4501 1295 4562 τούτο
1328 4492 1369 4559 ού
