3342 5168
665 326 778 381 Scholia
796 325 896 381 Procli.
1324 330 1364 393 61
1419 392 1422 395 1

197 511 254 573 Ρ51
282 490 392 565 ἄλλως
418 487 574 575 notanda,
596 510 705 575 usque
733 488 773 552 ad
795 511 825 573 p.
847 488 925 574 122,
938 487 973 574 5,
999 509 1066 553 non
1087 492 1215 552 tantum
1236 494 1369 574 propter

197 596 439 680 grammaticam
470 594 648 680 explicandi
675 594 848 680 rationem,
880 594 936 659 sed
963 595 1060 660 etiam
1088 595 1164 680 quia
1191 596 1368 662 afferuntur

188 700 293 785 Ἔργα
316 702 441 786 μεγάλα
459 700 630 786 Hesiodea,
652 721 791 784 quorum
808 701 844 764 in
861 704 953 765 tanta
971 702 1191 767 commentarii
1209 702 1369 768 Platonici

197 807 395 872 verbositate
420 808 462 871 115
489 807 587 871 verbo
616 806 745 890 quidem
767 806 889 870 mentio
913 809 962 870 est
984 806 1077 871 facta.
1123 805 1266 896 Scilicet,
1293 811 1369 894 quia

196 912 274 985 haec
287 913 419 978 Proclus
435 912 614 998 ignorabat.
626 950 668 959 —
682 910 759 977 Non
773 912 879 976 minus
895 912 1011 997 exigua
1025 916 1110 998 sunt,
1121 936 1202 998 quae
1215 914 1368 1001 leguntur

198 1020 372 1084 511129
395 1041 426 1104 p.
447 1018 764 1106 123,1-8,9-13.
809 1017 872 1083 Vel
898 1019 1092 1104 comparatis
1120 1021 1198 1104 ipsis
1227 1021 1310 1086 inter
1334 1044 1368 1086 se

196 1126 248 1190 his
283 1125 413 1192 scholiis
449 1125 617 1211 intelleges
658 1125 782 1190 fontem
822 1146 1020 1189 communem
1051 1125 1152 1190 fuisse
1183 1127 1367 1211 pleniorem.

197 1233 322 1298 Rursus
336 1255 451 1317 parum
464 1231 567 1297 multa
581 1231 697 1296 adsunt
710 1230 885 1296 Platonica.
893 1227 917 1317 ¹)
929 1269 971 1277 —
981 1230 1057 1295 Alia
1071 1232 1133 1297 duo
1153 1237 1230 1297 sunt
1247 1234 1368 1299 tradita

198 1338 320 1404 scholia
348 1339 388 1403 ad
410 1339 634 1403 1.130-132
657 1360 686 1421 p.
709 1337 788 1423 124,
803 1337 947 1423 14-16,
961 1336 1129 1421 23-125,
1143 1340 1178 1424 2,
1205 1361 1222 1403 5
1250 1340 1368 1424 quibus

197 1445 294 1510 huius
322 1466 404 1529 quac
432 1448 508 1509 sunt
531 1444 565 1509 in
587 1445 651 1508 fine
675 1442 719 1531 (p.
740 1440 929 1531 125,1-2)
952 1443 1043 1508 nulla
1066 1444 1197 1510 omnino
1220 1446 1368 1530 probabi-

197 1551 290 1616 litate
312 1550 427 1616 Proclo
458 1551 694 1616 attribuuntur:
722 1554 799 1615 sunt
826 1550 912 1615 enim
939 1553 972 1614 et
998 1551 1158 1616 contraria
1183 1550 1369 1632 Proclianis,

199 1680 280 1741 quae
312 1657 519 1741 praecedunt,
551 1660 583 1721 et
616 1658 657 1722 ad
688 1657 822 1721 verbum
853 1656 920 1721 fere
952 1656 1072 1721 similia
1099 1656 1222 1722 scholio
1249 1659 1367 1722 veteris

198 1764 384 1849 interpretis
418 1761 461 1851 (p.
492 1760 579 1851 125).
630 1761 715 1828 Huic
746 1763 880 1828 tribuas.
911 1801 954 1809 —
981 1760 1110 1849 Augere
1140 1785 1254 1828 rursus
1285 1763 1369 1850 licet,

199 1892 281 1954 quae
304 1870 344 1933 ad
366 1893 394 1934 1.
416 1869 591 1934 133-143
610 1869 771 1953 adscripta
790 1872 875 1953 sunt,
894 1892 924 1953 p.
945 1868 1173 1954 125,11-23,
1194 1870 1267 1954 126,
1281 1870 1365 1934 26-

201 1975 273 2061 121,
286 1975 318 2063 5,
340 1976 412 2061 128,
428 1974 545 2041 7-25.
583 1974 775 2060 Suppeditat
793 1998 852 2040 sua
869 1974 984 2040 'l'zetza
1001 1998 1032 2059 Ρ.
1048 1975 1121 2061 126,
1136 1975 1254 2067 7-17,
1277 1976 1368 2041 55155

198 2084 331 2169 Ρ1οΡ115
347 2104 414 2147 non
432 2083 564 2148 subesse
582 2083 696 2147 docent
714 2086 746 2146 et
764 2083 848 2146 15115
867 2080 1061 2167 Ρ1111555Ρ115
1077 2085 1109 2146 51
1122 2080 1244 2147 laudati
1257 2105 1368 2149 151555

198 2189 382 2276 Euripidei,
409 2190 466 2274 qui
493 2189 588 2253 alieni
612 2192 689 2253 sunt
712 2211 731 2253 a
754 2187 886 2254 Tuetzae
909 2188 1060 2274 lectione,
1087 2189 1144 2273 qui
1165 2190 1310 2274 profecto
1334 2212 1368 2255 se

199 2296 385 2361 continebat
403 2296 439 2360 in
456 2296 502 2360 eis
521 2296 650 2381 fabulis,
668 2317 750 2380 quae
769 2298 860 2359 erant
878 2298 1112 2380 upucrdpcvou,
1131 2294 1220 2361 adest
1237 2296 1370 2381 insuper

199 2402 296 2468 solita
323 2403 391 2467 eius
419 2403 453 2467 in
480 2401 630 2468 Proolum
657 2403 855 2487 arrogantia:
887 2403 927 2467 151
954 2398 991 2467 dl
1018 2399 1094 2488 περὶ
1121 2413 1188 2467 τῶν
1214 2410 1369 2487 μυθικῶν

198 2516 290 2574 θεῶν
317 2509 368 2574 ὅτι
395 2508 456 2574 οὐκ
481 2511 587 2574 ἔθυον
610 2515 719 2592 θεοῖς,
747 2507 793 2573 ἐῶ
817 2506 964 2591 λέγειν,
992 2507 1041 2585 ὡς
1063 2511 1282 2594 προχείρως
1303 2506 1368 2573 καὶ

198 2614 388 2699 βρέφεσιν
422 2614 600 2697 εὔληπτα.
646 2611 762 2678 Omnia
789 2613 891 2698 igitur
919 2613 1004 2697 apud
1030 2613 1180 2679 Proolum
1208 2614 1368 2698 quondam

198 2721 299 2786 fuisse
326 2719 500 2784 verisimile
527 2723 585 2784 est.
630 2716 670 2783 ln
697 2719 768 2802 ipsa
795 2718 928 2784 Tzetzac
955 2724 1067 2785 contra
1088 2719 1237 2785 Proolum
1262 2720 1368 2805 dispu-

199 2826 323 2891 tatione
350 2829 382 2890 et
409 2829 542 2911 propter
570 2847 653 2911 eam,
686 2848 783 2910 quam
809 2825 954 2912 exhibet,
986 2826 1252 2911 significationem
1279 2827 1367 2892 15515

199 2938 316 3018 μελιᾶν
349 2936 381 2996 51
411 2936 545 3017 Ρ1οΡ151
571 2930 797 3016 Nympharum
824 2931 1007 3017 catalogum
1035 2933 1142 2997 omnia
1168 2932 1282 2997 Proclo
1310 2932 1367 2997 tri·

198 3040 296 3105 buere
331 3039 416 3105 nolo.
466 3037 555 3104 Malo
592 3039 744 3124 exiguum
779 3038 860 3104 illud
891 3039 1050 3104 scholium
1080 3062 1110 3123 p.
1141 3039 1217 3125 129,
1236 3038 1367 3104 21-23

199 3147 300 3211 151511
318 3146 488 3231 interpreti
506 3145 691 3231 attribuere,
710 3168 729 3210 a
748 3167 812 3230 quo
831 3145 888 3210 illa
906 3146 1066 3210 sententia
1084 3145 1230 3211 aProolo
1244 3145 1368 3211 abiecta

198 3252 446 3318 commendetur.
469 3290 511 3298 —
536 3250 623 3328 Quae
656 3252 696 3317 ad
726 3275 755 3316 1.
781 3251 956 3316 145-160
988 3255 1063 3316 sunt
1095 3251 1214 3317 tradita
1246 3252 1368 3318 scholia

198 3381 228 3442 p.
250 3358 310 3422 131
317 3411 327 3445 ,
342 3358 450 3443 1-3,
474 3358 551 3443 133,
565 3358 720 3444 4-134,
734 3358 770 3443 3,
795 3356 867 3443 135,
883 3357 1013 3443 1-10,
1043 3357 1119 3443 136,
1134 3358 1301 3445 21-137,
1315 3359 1368 3444 21,

201 3463 384 3550 139,1-5,
407 3464 452 3528 515
475 3464 613 3530 fortasse
636 3464 779 3529 addenda
800 3465 959 3553 55511115,
983 3485 1064 3548 quae
1081 3486 1167 3530 nunc
1184 3487 1242 3549 per
1260 3467 1368 3542 ἄλλως

198 3570 442 3655 distinguuntur
459 3593 489 3654 p.
511 3570 584 3657 135,
598 3571 743 3637 20-28:
767 3576 843 3636 sunt
865 3571 950 3636 enim
971 3572 1037 3636 fere
1056 3571 1165 3636 eadem
1187 3575 1284 3655 atque
1302 3570 1368 3658 illa,

200 3698 281 3760 quae
307 3675 440 3741 Proclus
471 3676 541 3761 ipse
571 3676 679 3743 habet.
725 3675 846 3743 Contra
878 3678 918 3742 ab
950 3677 1003 3743 his
1035 3677 1206 3743 resecanda
1232 3681 1308 3741 sunt
1335 3682 1368 3742 et

199 3782 301 3847 veteri
319 3783 527 3869 grammatico
543 3784 713 3848 tribuenda
728 3783 905 3849 omniailla
919 3784 957 3847 de
971 3782 1366 3868 511151551,(]55155(1551“.

198 3885 284 3953 Nam
316 3889 354 3953 de
386 3889 543 3954 eiusmodi
574 3890 670 3954 rebus
697 3910 862 3972 nunquam
889 3889 1068 3953 invenimus
1096 3886 1246 3952 Proclum
1273 3887 1367 3953 aliter

197 3995 426 4082 disputantem,
447 3996 512 4060 nisi
529 3994 702 4060 Plutarcho
727 3997 865 4080 auctore,
886 4016 944 4058 nec
967 3998 1026 4081 est,
1048 4016 1104 4059 cur
1125 3994 1270 4078 pleniora
1288 3993 1367 4058 olim

140 4094 143 4099 ⁴
196 4100 274 4167 haec
305 4103 406 4167 fuisse
438 4101 618 4185 suspiceris.
664 4101 865 4186 Quamquam
895 4100 1022 4165 videtur
1053 4101 1207 4185 quaedam
1233 4099 1366 4165 Proclus

196 4207 348 4274 habuisse
380 4209 418 4273 de
445 4230 474 4272 1.
500 4206 576 4290 159,
609 4229 690 4292 quae
716 4208 781 4272 iam
806 4229 874 4273 non
899 4208 1037 4293 legimus
1064 4208 1099 4272 in
1126 4208 1195 4273 eius
1224 4205 1365 4272 scholiis.

288 4437 314 4506 1)
332 4435 420 4505 Leges
439 4435 478 4491 ΠΙ
494 4456 522 4507 p.
542 4442 593 4491 649
604 4451 681 4505 5-5,
700 4435 781 4490 6951
795 4453 835 4506 sq.
