3366 5168
326 281 389 345 118
572 278 614 332 De
632 275 787 331 Aristarchi
804 274 835 329 in
852 273 1007 330 Hesiodum
1026 273 1241 329 commentariis.

327 466 409 529 quae
428 447 503 509 sunt
522 442 618 507 huius
637 439 762 526 generis
782 439 853 505 alia.
884 438 988 504 Erant
1006 438 1107 524 igitur
1124 436 1257 523 Didymi
1276 440 1499 507 commentarii

325 549 487 616 Hesiodci.

414 656 521 722 Libris
553 653 732 720 Aristonici
764 657 797 719 et
827 652 960 738 Didymi
992 653 1032 716 ad
1058 651 1279 717 vetustissima
1306 653 1428 719 scholia
1454 656 1499 721 fa-

326 764 437 830 cienda
461 761 695 828 sufficientibus
718 764 820 848 erant,
847 759 903 844 qui
925 780 984 844 pro
1008 758 1176 845 diligentia
1199 782 1258 824 sua
1280 759 1430 825 afferrent
1453 785 1499 827 re-

327 871 505 936 centiorum
524 892 652 953 quoque
672 867 825 952 quasdam
844 866 1021 932 sententias
1040 866 1156 931 additis
1173 889 1299 952 semper
1312 868 1498 934 nominibus

325 976 496 1065 (Philonis,
518 974 695 1061 Alexionis,
717 973 884 1060 Apollonii
907 972 1066 1039 Archibiu
1089 970 1158 1059 al),
1186 995 1324 1058 quorum
1347 975 1498 1060 operibus

324 1084 500 1170 Didymum
528 1084 634 1168 ipsum
664 1104 760 1147 usum
787 1103 919 1146 essene
943 1080 1122 1166 credamus,
1145 1081 1345 1165 temporibus
1368 1082 1499 1167 impedi-

324 1214 406 1256 mur.
455 1191 542 1256 Raro
569 1210 655 1254 nunc
682 1189 761 1254 hacc
787 1187 919 1253 nomina
941 1188 1107 1274 leguntur,
1137 1186 1193 1252 sed
1214 1186 1373 1273 dubitem,
1402 1211 1444 1254 an
1467 1190 1499 1254 id

325 1319 427 1384 genus
455 1295 679 1362 adnotationes
707 1295 844 1361 omissae
872 1296 940 1372 sint
965 1298 998 1359 et
1021 1297 1096 1358 ante
1119 1291 1336 1360 Ohoerobosci
1360 1299 1498 1362 aetatem

325 1406 358 1467 et
381 1403 421 1467 ab
444 1402 502 1468 illo
525 1403 597 1487 ipso
621 1406 653 1467 et
675 1402 772 1488 longe
794 1402 950 1487 plurimae
973 1401 1014 1465 ab
1038 1400 1285 1484 excerptoribus.
1329 1401 1497 1488 Praecipui

326 1513 434 1574 autem
456 1510 563 1574 fontes
586 1507 764 1574 Aristonici
788 1512 820 1573 ct
842 1506 975 1593 Didymi
998 1507 1119 1592 scripta
1140 1507 1237 1572 fuere.

415 1614 525 1703 Longe
558 1606 687 1702 gravior
720 1619 769 1680 cst
797 1614 958 1702 quaestio,
991 1614 1196 1699 scripseritne
1228 1613 1500 1703 Aristarchus,

326 1745 422 1808 quem
463 1722 599 1789 edidisse
640 1745 704 1787 unu
741 1744 813 1788 cum
840 1721 1027 1807 Theogonia
1058 1719 1163 1806 Opera
1200 1743 1328 1806 quoque
1364 1727 1500 1810 constat,

325 1830 421 1912 huius
463 1829 614 1894 carminis
651 1829 929 1916 commentarium,
969 1829 1059 1893 cuius
1097 1828 1163 1892 sint
1200 1829 1235 1893 in
1270 1830 1500 1895 vetustissimis

327 1935 457 2001 scholiis
489 1940 645 2022 excerpta.
708 1936 781 2021 Ego
814 1957 886 2000 cum
917 1955 1060 2021 pugnem
1092 1942 1166 2000 cum
1196 1935 1316 2001 criticis
1348 1938 1500 2003 recentio-

326 2042 466 2130 ribus1),
493 2063 576 2128 nego
605 2042 707 2107 ullum
734 2042 830 2106 huius
858 2042 905 2106 rei
928 2041 1082 2106 maditum
1106 2063 1175 2106 esse
1198 2043 1421 2108 testimonium
1444 2049 1500 2109 aut

326 2151 393 2215 ulla
427 2150 463 2214 in
499 2148 631 2213 scholiis
667 2149 789 2214 nostris
826 2149 1007 2233 fragmenta
1043 2149 1287 2234 ὑπομνημάτων
1319 2148 1500 2216 Aristarchi

326 2259 441 2343 inesse,
463 2278 545 2341 quac
568 2255 617 2320 illi
641 2255 704 2320 sibi
726 2253 930 2342 finxerunt2).
971 2253 1111 2320 Adducti
1134 2260 1209 2321 sunt
1231 2256 1445 2324 Wacschkius
1468 2263 1501 2324 et

326 2363 476 2429 Flachius
500 2362 540 2427 ad
563 2362 652 2426 illam
677 2362 825 2445 opioncm
844 2383 863 2424 a
880 2359 1024 2447 Lehrsio,
1049 2363 1105 2446 qui
1123 2362 1300 2428 rectissime
1319 2364 1501 2431 observavit

326 2493 392 2536 non
414 2470 559 2555 potuisse
582 2469 623 2534 ab
647 2489 699 2554 eo,
730 2468 785 2553 qui
808 2467 990 2533 Homericis
1014 2468 1129 2533 studiis
1148 2473 1273 2535 tantam
1297 2492 1426 2555 operam
1448 2493 1501 2536 na·

326 2580 426 2661 vacet,
443 2574 632 2663 Hesiodum,
654 2574 813 2659 imprimis
831 2574 1060 2662 Theogoniam,
1079 2576 1215 2663 neglegi.
1255 2576 1325 2654 Qua
1343 2579 1501 2644 sententia
1537 2593 1543 2603 '

326 2684 463 2769 probata
485 2686 518 2747 et
540 2683 652 2747 statim
675 2681 871 2767 amplificata
892 2687 1120 2767 persuaseumt
1144 2684 1207 2748 sibi
1229 2684 1312 2750 hanc
1335 2685 1376 2750 ob
1397 2686 1500 2770 ipsam

327 2814 395 2856 rem
416 2789 595 2855 necessario
618 2787 842 2854 Aristarchum
866 2790 1112 2855 commentarios
1136 2792 1419 2876 conscripsisse
1438 2791 1501 2856 He-

328 2897 410 2963 siodi
428 2896 614 2981 carminum,
632 2917 705 2960 cum
718 2894 871 2961 Lehrsius
885 2895 1074 2961 Aristarcho
1093 2895 1271 2962 Hesiodum
1290 2901 1323 2963 ct
1341 2898 1500 2983 imprimis
1563 2886 1566 2893 ’

327 3004 548 3089 Theogoniam
570 3003 750 3068 necessario
772 3007 902 3068 notam
924 3003 1046 3069 fuisse
1069 3003 1294 3068 contendisset.
1333 3003 1502 3071 Praeterea

327 3110 479 3174 Flachius
502 3109 667 3196 probavit,
694 3114 726 3175 et
753 3111 970 3194 probaverunt
997 3112 1073 3194 post
1102 3129 1175 3173 eum
1202 3130 1312 3173 omnes
1341 3107 1501 3197 (inhabile

330 3213 446 3303 dictut)
473 3215 659 3281 Waeschlrii
682 3217 979 3301 interpretationem
1003 3214 1113 3280 unius
1135 3215 1198 3280 loci
1217 3212 1251 3302 (l.
1266 3216 1286 3280 l.
1304 3239 1334 3301 p.
1355 3215 1445 3304 155),
1467 3219 1503 3282 in

330 3345 395 3407 quo
414 3322 495 3387 dixit
517 3324 621 3388 inesse
639 3324 861 3389 testimonium
880 3322 920 3386 ab
939 3320 1129 3386 Aristarcho
1148 3323 1402 3408 conscriptorum
1421 3325 1501 3390 ὑπο-

328 3429 508 3514 μνημάτων
535 3428 711 3513 Ἡσιόὸου,
743 3427 957 3495 Choerobosci
992 3428 1026 3492 in
1059 3428 1189 3494 scholiis
1217 3430 1257 3494 ad
1279 3453 1307 3495 v.
1328 3431 1385 3516 84,
1412 3432 1501 3497 cuius

328 3534 391 3601 loci
419 3539 567 3620 excerpta
594 3536 766 3601 traduntur
794 3536 827 3599 in
850 3533 1100 3621 Etymologicis,
1125 3534 1272 3624 (ludisne
1295 3542 1327 3602 et
1350 3538 1406 3622 qui
1429 3560 1501 3603 cum

329 3664 366 3706 eo
394 3641 489 3726 plane
516 3640 676 3708 consentit
702 3640 788 3705 libro
817 3640 965 3706 Parisino
993 3639 1055 3729 (ed
1080 3641 1180 3708 Gaisf.
1198 3665 1228 3727 p.
1248 3644 1290 3708 99
1309 3642 1400 3732 not).
1438 3644 1501 3709 Gu-

330 3748 459 3814 dianum
482 3749 613 3815 exhibet
635 3748 713 3812 haec
735 3770 764 3832 p.
786 3747 839 3836 73,
852 3747 908 3813 26:
928 3746 1222 3837 Ἀργειφόντης·
1246 3753 1334 3838 παρὰ
1354 3750 1502 3839 ἐναργεῖς

328 3858 386 3933 τὰς
409 3858 591 3939 φαντασίας
609 3866 729 3938 ποιεῖν,
752 3855 801 3932 ὥς
823 3872 945 3940 φησιν
960 3846 1141 3935 Ἀλεξίων
1159 3854 1221 3922 καὶ
1239 3854 1502 3944 Ἀρίσταρχος,

418 4048 444 4116 1)
463 4046 649 4101 Waeschlrius
673 4047 702 4100 in
726 4065 824 4103 comm,
848 4065 914 4104 sem.
937 4049 1006 4119 phil.
1031 4049 1106 4119 Lips.
1129 4050 1160 4104 in
1182 4050 1247 4106 hon.
1272 4049 1303 4104 G.
1328 4048 1417 4104 Curtii
1436 4066 1501 4104 con·

330 4135 820 4207 scriptisLips.1874,p.151sqq.,
847 4137 882 4191 H.
910 4137 1041 4193 Flachius
1070 4138 1099 4192 in
1128 4137 1235 4209 „Gloss
1259 4142 1289 4194 ct
1311 4137 1402 4193 Schol.
1431 4140 1501 4193 etc.“

328 4245 356 4296 p.
371 4230 488 4295 118eq.;
511 4242 600 4296 nuper
623 4226 658 4281 de
679 4226 734 4280 hac
756 4241 786 4280 rc
812 4225 975 4283 dubitanter
997 4226 1131 4283 disseruit
1153 4227 1232 4283 (tohu
1254 4225 1284 4281 in
1302 4226 1392 4282 lexico
1410 4226 1502 4297 Pauly

329 4313 485 4369 Wissowae
503 4314 551 4384 111,
568 4333 595 4385 p.
610 4319 671 4369 872.

367 4393 371 4401 ’
420 4405 447 4472 2)
464 4401 651 4458 Waesohkius
669 4401 688 4458 l.
702 4401 731 4473 l.,
749 4401 880 4459 Flachius
898 4403 1015 4463 Jahrbb.
1034 4404 1107 4461 CXV
1124 4423 1151 4475 p.
1166 4408 1227 4461 436.
