3366 5168
297 344 360 409 142
489 342 642 399 Aristonici
659 344 724 412 περὶ
743 342 862 413 σημείων
880 351 930 398 τοῦ
946 340 1077 399 Ἡσιόδου
1094 344 1262 414 fragmenta.

296 507 380 571 dum.
427 505 489 572 Sed
510 505 686 571 laudandus
710 509 760 571 ost
782 478 947 594 Flachius,
969 507 1026 591 qui
1048 512 1133 571 recte
1155 506 1359 592 intellexerit,
1382 508 1465 572 unde

295 613 438 677 duxisset
465 612 622 697 origInem
648 612 744 677 lectio
772 612 891 677 codicis
918 612 1134 678 Laurentiani.
1163 653 1205 660 —
1232 613 1380 699 Denique
1413 613 1465 678 ad-

294 720 409 804 iungas
436 718 613 783 Aristonici
640 719 830 804 fragmentis
860 719 950 784 illam
977 720 1224 805 explicationem
1253 720 1293 785 ad
1311 743 1339 785 v.
1361 720 1465 785 illie

295 824 417 889 scholio
450 822 667 910 Choerobosci
694 849 724 909 p.
747 826 828 912 424,
852 826 907 891 34;
946 830 1109 893 πείκειν·
1144 824 1223 914 (ὅτι)
1255 831 1399 912 κυρίως
1427 828 1464 892 τὸ

294 929 420 1008 ξαίνειν
439 929 537 1019 (ὅθεν
551 929 605 996 καὶ
619 933 670 997 τὸ·
690 931 853 1017 πεξαμένη
868 931 992 1021 χερσί)·
1012 944 1076 999 νῦν
1092 930 1128 998 δὲ
1142 935 1179 998 τὸ
1194 937 1325 1019 κείρειν.
1357 932 1466 998 Verba

295 1039 436 1123 produnt
459 1043 629 1103 auctorem.
676 1037 739 1104 Sed
760 1040 850 1103 nullo
874 1040 970 1104 modo
993 1040 1145 1126 adducor,
1174 1044 1211 1104 ut
1238 1063 1311 1105 cum
1333 1039 1464 1105 Flachio

295 1146 392 1210 etiam
409 1144 491 1209 illud
508 1144 615 1209 Procli
634 1144 791 1210 scholium
809 1168 839 1229 p.
858 1145 935 1231 426,
947 1146 1004 1210 203
1033 1146 1120 1230 ἴδρις
1139 1141 1175 1240 til
1194 1153 1258 1210 νῦν
1277 1145 1295 1211 ὁ
1313 1147 1466 1232 ἔμπειρος

297 1250 425 1338 μύρμηξ
449 1252 564 1316 ducam
582 1252 880 1336 interpretationem
899 1252 997 1316 ullius
1017 1252 1103 1337 signi
1120 1250 1327 1316 Aristarchei.
1374 1252 1465 1327 Quod

294 1380 350 1423 cur
372 1364 469 1443 putas
493 1359 658 1443 appictum
681 1359 776 1424 esse?
812 1359 946 1423 Minime
970 1380 1055 1444 sane,
1078 1361 1115 1421 ut
1138 1358 1306 1422 indicaret:
1334 1356 1386 1424 ὅτι
1408 1384 1465 1425 κν-

294 1469 374 1548 ρίως
400 1462 461 1549 μὲν
489 1464 576 1548 λέγει
604 1469 773 1552 ἔμπειρος,
803 1474 867 1531 νῦν
896 1461 933 1529 δὲ
960 1476 1235 1550 μεταφορικῶς
1262 1465 1280 1531 ὁ
1311 1464 1464 1551 μύρμηξ

295 1568 459 1657 (Flachius
483 1595 513 1656 p.
532 1570 621 1660 440).
677 1572 769 1649 Quod
795 1594 960 1656 nunquam
988 1572 1122 1636 dixisset
1149 1569 1368 1658 Aristarchus,
1390 1594 1465 1637 nam

295 1682 419 1765 pugnat
452 1701 522 1744 cum
557 1679 645 1743 omni
677 1700 793 1764 genere
825 1678 948 1744 dicendi
978 1677 1113 1743 Homeri
1143 1676 1349 1762 Hesiodique.
1403 1678 1465 1745 Ne-

295 1807 356 1869 que
389 1785 564 1870 quidquam
597 1785 684 1851 aliud
715 1787 777 1851 hoc
809 1786 881 1850 loco
913 1785 947 1849 id
979 1785 1139 1871 significat
1169 1784 1374 1869 vocabulum,
1401 1786 1465 1850 nisi
1541 1779 1543 1783 ’

293 1892 423 1976 proprie
447 1895 612 1978 ἔμπειρος,
642 1915 746 1977 neque
768 1892 875 1957 Procli
898 1890 1028 1980 μύρμηξ
1052 1891 1140 1956 aliud
1169 1891 1287 1977 voluit,
1313 1891 1378 1956 nisi
1400 1891 1464 1956 alio

293 1999 391 2064 verbo
425 1998 529 2063 dicere
561 1999 643 2064 illud
676 1999 782 2084 ipsum
815 1999 1009 2085 subiectum,
1042 1998 1129 2082 quod
1159 1996 1280 2083 legitur
1307 1998 1340 2061 in
1369 2019 1464 2062 enun-

293 2106 374 2169 tiato
409 2104 614 2169 antecedente
651 2104 804 2190 ἀράχνης.
865 2103 1013 2190 Accedit,
1045 2105 1132 2189 quod
1164 2108 1214 2168 est
1245 2103 1307 2168 hoc
1337 2103 1464 2171 Procli

293 2211 459 2275 scholium.
496 2249 533 2257 —
568 2209 682 2294 Neque
709 2211 805 2297 illud,
836 2212 923 2294 quod
945 2215 1143 2296 postremum
1167 2208 1351 2276 Aristonico
1376 2215 1425 2276 att
1443 2211 1465 2258 '-

291 2318 364 2382 buit
390 2319 607 2404 fragmentum
630 2317 781 2383 Flachius
803 2341 835 2402 p.
854 2318 920 2382 440
948 2319 988 2383 ad
1014 2341 1143 2384 versum
1167 2319 1233 2383 820
1261 2340 1299 2382 ex
1323 2318 1464 2381 eiusdem

291 2425 421 2491 Procli
450 2424 572 2489 scholio
600 2447 630 2509 p.
650 2424 726 2510 444,
744 2425 800 2509 26,
828 2426 897 2491 eius
925 2447 994 2490 esse
1022 2425 1093 2491 dico
1120 2425 1211 2490 nulla
1234 2425 1358 2490 ratione
1377 2446 1464 2510 ,com-

292 2536 393 2618 perta,
412 2555 508 2617 quam
527 2536 663 2616 propter
680 2531 784 2597 ullum
804 2533 933 2618 signum
952 2533 991 2598 ab
1005 2531 1194 2598 Aristarcho
1210 2533 1352 2617 positum
1369 2531 1463 2596 nobis

292 2640 460 2726 fingamus.
511 2637 596 2703 Nam
625 2645 701 2724 post
727 2649 850 2727 παῦροι
879 2637 915 2705 δὲ
943 2639 1155 2725 supplendum
1183 2661 1252 2704 esse
1283 2645 1372 2704 ἴσασι
1393 2639 1464 2703 luce

292 2746 409 2811 clarius
433 2751 491 2811 est.
528 2746 590 2812 Vel
613 2746 675 2812 hoc
697 2747 799 2833 igitur
821 2749 892 2812 loco
918 2750 953 2811 ut
976 2769 1100 2831 semper
1123 2746 1272 2830 apparuit
1295 2768 1313 2809 e
1334 2743 1464 2808 Procli

294 2855 427 2920 scholiis
449 2853 742 2919 Alexandrinorum
765 2853 918 2937 reliquias
942 2853 1069 2917 restitui
1091 2874 1158 2916 non
1180 2874 1282 2935 posse.

382 2961 469 3026 Haec
485 2963 562 3026 sunt
571 2959 749 3024 Aristonici
763 2959 927 3042 reliquiae,
941 2961 1102 3041 quotquot
1116 2961 1288 3041 supersunt
1298 2957 1332 3019 in
1343 2958 1463 3020 nostris

293 3068 432 3133 scholiis.
479 3065 548 3131 Iam
572 3065 612 3129 ad
634 3064 811 3147 Didymei
834 3063 1057 3127 commentarii
1080 3063 1261 3147 fragmenta
1284 3061 1463 3145 colligenda

294 3173 488 3257 accedamus,
511 3193 584 3235 cum
606 3190 699 3254 unus,
723 3170 778 3252 qui
801 3168 904 3233 adhuc
927 3190 964 3232 ea
983 3167 1134 3253 colligere
1152 3171 1285 3232 conatus
1304 3167 1357 3252 sit,
1374 3165 1464 3231 Mau-

290 3279 388 3344 ricius
416 3275 612 3342 Schmidtius
641 3272 787 3360 (Didymi
816 3273 1017 3339 Chalcenteri
1045 3297 1126 3359 quae
1154 3278 1326 3359 supersunt
1355 3274 1463 3339 omnia

290 3409 320 3470 p.
336 3380 431 3469 300),
458 3403 572 3445 unum
601 3379 761 3445 invenerit
784 3381 824 3445 ad
846 3403 875 3445 v.
894 3380 959 3445 302
982 3402 1085 3465 neque
1109 3382 1147 3445 de
1170 3381 1227 3446 illo
1251 3403 1316 3445 non
1339 3380 1462 3445 dubita-

290 3489 381 3555 verit.
428 3487 490 3553 Sed
517 3488 698 3552 accuratius
725 3510 793 3552 rem
823 3488 1035 3571 perscrutanti
1058 3491 1229 3571 menteque
1252 3488 1375 3551 tenenti
1398 3486 1462 3570 illa,

291 3618 372 3680 quae
408 3617 505 3679 supra
541 3594 579 3659 de
610 3594 741 3678 Didymi
778 3595 1008 3659 commentario
1042 3594 1196 3677 diximus,
1233 3597 1328 3657 erunt
1358 3592 1461 3657 multo

290 3702 384 3787 plura
416 3702 484 3766 eius
516 3702 697 3786 fragmenta
729 3702 764 3765 in
794 3701 916 3766 nostris
949 3700 1081 3766 scholiis
1113 3700 1293 3765 manifesta.
1348 3698 1462 3763 Omnia

290 3832 375 3894 vero,
394 3831 475 3894 quae
499 3809 538 3874 ad
561 3808 755 3892 Didymeum
779 3808 1043 3873 commentarium
1065 3808 1238 3892 pertinent,
1262 3805 1462 3871 conservavit

281 3914 534 3981 ‘Choeroboscus
567 3915 602 3979 in
634 3916 865 3980 commentario
898 3937 956 3979 suo
995 3937 1033 3979 ex
1065 3913 1197 3978 scholiis
1233 3911 1460 3978 vetustissimis

289 4021 406 4087 hausto
422 4022 564 4107 exceptis
583 4043 648 4086 uno
662 4022 714 4086 vel
728 4022 854 4086 duobus
871 4021 963 4107 locis,
977 4043 1058 4105 quos
1073 4021 1149 4085 licet
1168 4019 1340 4085 divinando
1359 4016 1462 4082 ePlu-

290 4129 394 4193 tarchi
422 4128 685 4193 adnotationibus
714 4128 752 4191 de
779 4128 881 4212 signis
910 4128 1039 4212 scriptis
1069 4127 1247 4192 restituere.
1293 4124 1378 4190 Nam
1400 4124 1462 4188 hoc

289 4235 402 4319 procul
429 4233 527 4298 dubio
557 4236 633 4315 stat,
665 4233 752 4316 quod
779 4232 876 4297 etiam
907 4233 1087 4318 fragmento
1121 4232 1161 4297 ad
1192 4256 1221 4297 v.
1248 4231 1312 4295 740
1340 4231 1461 4315 optime

289 4340 507 4427 confirmatur,
528 4337 704 4422 Didymum
724 4358 852 4421 quoque
870 4338 1114 4422 diligentissime
1132 4338 1370 4422 perquisivisse,
1383 4336 1460 4421 quid

289 4446 327 4510 de
358 4467 485 4530 quoque
512 4444 673 4509 Hesiodeo
700 4444 772 4508 loco
800 4441 1005 4508 Aristarchus
1034 4445 1224 4527 censuisset3
1255 4465 1314 4507 nec
1343 4443 1461 4507 mirum
