3366 5168
582 338 695 395 Scholia
708 338 819 395 Veteris
837 338 1008 410 interpretis.
1340 341 1379 405 77

208 505 278 570 Iam
295 505 331 568 in
348 504 449 568 altera
467 506 559 587 parte
572 503 781 587 praefationis
801 503 898 568 verba
917 503 1000 568 fiunt
1019 504 1057 568 de
1075 504 1243 569 diuidenda
1256 503 1382 592 poesi.¹)

209 611 298 676 Haec
321 611 444 695 Taetza,
468 633 539 675 cum
564 632 622 675 sua
645 609 812 696 scriberet,
835 615 908 674 ante
932 610 1043 675 oculos
1065 633 1132 675 non
1153 611 1303 698 habebat,
1325 634 1384 677 nec

209 721 317 783 tamen
344 718 414 802 ipse
442 718 585 802 scripsit,
611 720 649 781 ut
680 717 808 800 putavit
839 715 986 781 Ranlrius
1015 715 1093 804 (1.1.
1116 741 1146 802 p.
1170 717 1214 805 5).
1269 718 1383 783 Tuetza

210 826 296 890 enim
328 848 358 909 p.
388 825 429 889 12
466 825 505 888 ad
543 845 619 889 suos
652 822 777 888 iambos
809 829 842 888 et
871 824 982 888 fratris
1015 824 1066 888 sui
1097 825 1385 910 „pulcherrimum“

211 932 411 1017 opusculum,
440 931 527 1015 quod
555 930 598 995 sit
627 929 750 995 dehac
777 954 811 995 re
834 932 869 994 in
892 931 1120 995 commentario
1144 930 1385 1020 Lycophroneo,

210 1040 341 1125 relegat,
363 1043 434 1102 tum
456 1038 535 1124 ipse,
558 1059 640 1123 quae
663 1037 726 1102 sibi
748 1037 938 1123 dignissima
961 1038 1045 1102 scitu
1067 1038 1136 1102 visa
1155 1042 1240 1125 sunt,
1257 1040 1385 1127 repetit,

210 1167 291 1230 quae
320 1150 429 1210 tamen
451 1149 523 1209 toto
548 1145 634 1209 caelo
659 1144 699 1208 ab
721 1144 788 1231 his,
816 1166 898 1229 quae
920 1144 1019 1209 habet
1042 1166 1231 1232 anonymus,
1253 1147 1383 1211 distant.

209 1251 297 1317 Haec
330 1253 358 1317 si
389 1253 549 1338 novisset,
580 1255 637 1317 cut
665 1252 889 1336 exscripsisset
917 1273 967 1337 ea,
994 1256 1050 1316 aut
1076 1252 1301 1340 increpuisset,
1328 1257 1384 1317 aut

209 1360 338 1424 fecisset
353 1364 535 1443 utrumque.
559 1358 622 1424 Sed
636 1358 896 1446 ἀπροοιμίαστον
910 1361 1043 1443 βίβλιον
1055 1358 1251 1423 scholiorum
1261 1359 1383 1425 habuit.

209 1464 258 1531 De
281 1465 492 1551 Moschopulo
514 1487 582 1531 non
603 1466 715 1550 liquet.

297 1573 368 1638 Iam
399 1574 440 1638 ad
471 1573 576 1656 ipsam
602 1572 700 1637 huius
727 1573 880 1657 anonymi
907 1573 1086 1638 doctrinam
1113 1574 1270 1638 adeamus.
1322 1571 1384 1639 Sed

209 1680 466 1764 praemonuerim
497 1679 574 1766 hoc,
605 1679 646 1744 ab
678 1684 809 1744 auctore
842 1680 911 1744 eius
944 1679 1142 1744 collectionis
1179 1680 1385 1767 scholiorum,

211 1809 293 1872 quae
319 1808 404 1851 nunc
431 1786 668 1872 circumfertur,
700 1786 886 1850 doctissima
912 1786 991 1850 haec
1020 1786 1142 1850 scholia
1169 1808 1238 1851 esse
1266 1787 1384 1851 mirum

209 1894 245 1958 in
271 1894 403 1958 modurn
429 1892 591 1978 neglecta,
617 1892 665 1957 ita
691 1896 729 1956 ut
752 1893 915 1957 advocatis
938 1893 1065 1957 demum
1088 1893 1221 1977 reliquis
1245 1894 1384 1959 testibus

211 2000 342 2086 eluceat,
366 1999 478 2084 quanti
503 2000 546 2063 sit
569 1999 786 2065 aestimandus
810 2022 997 2084 anonymus.

300 2105 349 2171 Ac
372 2107 484 2170 statim
507 2106 542 2170 in
565 2107 637 2191 ipso
660 2107 755 2170 initio
778 2107 890 2171 mirari
911 2107 987 2171 licet
1009 2106 1272 2195 Moschopulum,
1294 2109 1384 2173 ouius

210 2217 325 2279 notum
353 2217 403 2277 est
429 2211 550 2296 ubique
576 2213 612 2277 in
638 2213 854 2278 describendis
880 2218 994 2297 poetae
1021 2213 1128 2278 verbis
1157 2216 1272 2280 servile
1298 2217 1384 2301 inge·

210 2318 337 2407 munifi)
370 2321 406 2384 in
437 2320 602 2404 prooemio
633 2321 818 2405 explicando
851 2320 944 2385 docta
976 2321 1127 2385 libertate
1158 2322 1295 2405 quadam
1326 2323 1383 2387 uti.

211 2426 396 2511 Exscripsit
414 2428 569 2491 nimirum
587 2425 708 2491 scholia
726 2427 844 2492 veteris
862 2427 1059 2514 interpretis,
1071 2450 1102 2511 p.
1118 2428 1170 2513 36,
1184 2429 1385 2516 23—39,17,

210 2533 400 2617 praesertim
427 2556 500 2598 cunr
528 2534 563 2597 in
586 2533 687 2597 altera
710 2534 778 2597 eius
800 2536 892 2617 parte
914 2533 1054 2616 plurima
1077 2533 1143 2597 sint
1166 2556 1205 2598 ex
1228 2556 1384 2620 gramma-

211 2640 350 2704 ticorum
383 2640 499 2705 studiis
531 2639 641 2721 petita.
691 2638 868 2722 Excipiunt
894 2638 973 2703 haec
1000 2639 1134 2703 Tzetzae
1162 2643 1316 2724 quaedam
1346 2642 1384 2706 de

210 2748 366 2812 vocabulo
390 2745 483 2831 ἀνήρ.
529 2744 617 2820 Quae
639 2745 674 2809 in
692 2745 840 2809 Tuetzam
862 2746 994 2809 minime
1013 2747 1180 2832 quadrant,
1198 2747 1233 2811 in
1251 2747 1383 2812 scholiis

211 2853 412 2939 grammatici
440 2852 626 2936 interpretis
649 2852 770 2936 optime
793 2874 827 2915 se
848 2851 977 2917 habent.
1023 2853 1068 2917 Et
1091 2853 1213 2918 factum
1236 2859 1286 2919 est
1308 2853 1384 2919 For-

210 2965 308 3026 tunae
344 2959 512 3046 beneficio,
544 2963 581 3023 ut
612 2959 647 3022 in
678 2960 854 3024 recentiore
885 2981 950 3023 uno
983 2981 1000 3023 e
1031 2958 1187 3024 Parisinis
1220 2960 1383 3026 codicibus

210 3068 305 3154 plura
323 3063 536 3152 serventur:⁸)
556 3065 734 3130 afferuntur
752 3065 792 3129 ad
812 3065 955 3152 singulas
974 3065 1225 3152 significationes
1239 3068 1384 3151 exempla

91 3248 93 3252 ,
211 3198 250 3240 ex
276 3174 410 3241 Homeri
438 3172 633 3238 carminibus
660 3174 771 3257 petita.
822 3173 914 3249 Quod
940 3195 980 3238 ne
1008 3173 1140 3238 Tzetzae
1168 3174 1306 3261 tribuas,
1329 3174 1384 3241 ob-

211 3285 277 3346 stat
301 3286 412 3346 auctor
434 3281 543 3365 atym.
567 3278 688 3366 Magni,
712 3280 776 3365 qui,
800 3302 872 3344 curn
894 3303 924 3365 p.
946 3281 1019 3367 107,
1038 3282 1081 3347 30
1104 3281 1144 3345 ad
1166 3282 1300 3346 verbum
1318 3283 1384 3346 fere

211 3389 319 3453 omnia
346 3388 565 3473 exscripserit,
592 3387 685 3470 plura
707 3386 776 3471 ipse
800 3409 927 3471 quoque
951 3391 983 3452 et
1007 3388 1135 3473 quidem
1158 3388 1221 3453 aha
1244 3389 1382 3474 exhibet,

212 3516 293 3579 quae
315 3515 374 3579 ego
398 3516 464 3558 non
486 3493 600 3557 dubito
623 3494 725 3557 veteri
747 3493 917 3578 interpreti
940 3495 1125 3582 restituere,
1147 3517 1219 3560 cum
1242 3496 1276 3559 in
1299 3496 1385 3580 prio·

210 3600 302 3665 ribus
330 3604 443 3664 auctor
469 3601 511 3664 sit
539 3599 738 3664 manifestus.
790 3600 836 3665 Et
859 3601 921 3665 erit
944 3601 983 3666 de
1005 3601 1065 3667 hac
1087 3624 1122 3665 re
1144 3606 1258 3686 postea
1280 3602 1382 3667 fusius

212 3706 396 3789 disputandi
420 3706 553 3771 occasio.

301 3936 328 4005 1)
347 3934 478 3989 conferas
497 3934 604 3989 scholia
623 3935 660 3989 ad
678 3940 701 3989 A
720 3941 769 3990 16:
788 3933 844 3988 ἀπὸ
863 3941 921 3987 τοῦ
940 3936 1193 4005 dispereamus
1212 3937 1259 4005 (sc.
1275 3933 1382 4006 γένους)

212 4022 243 4079 di
272 4023 318 4078 ἐπὶ
344 4024 380 4078 τὸ
407 4023 593 4093 μιμητικὸν
621 4021 741 4094 μέτεισιν
769 4022 824 4078 uri.
869 4023 948 4077 Idem
971 4023 1080 4078 scholia
1100 4023 1211 4077 minora
1233 4024 1270 4078 ad
1295 4029 1382 4093 2463

211 4111 364 4182 prolegom.
384 4112 421 4166 ad
435 4112 575 4167 Theocrit.
590 4111 641 4182 V13
661 4110 810 4167 Suetonius
830 4112 864 4166 de
878 4114 952 4182 poet.
968 4118 996 4181 33
1016 4112 1124 4167 Probus
1139 4113 1176 4167 ad
1189 4113 1271 4184 Verg.
1286 4113 1382 4170 Bucol.

211 4201 271 4269 VH,
290 4207 331 4256 12.

301 4293 328 4362 a)
347 4289 480 4346 eonferas
498 4290 582 4345 huius
601 4290 667 4346 diss.
686 4291 755 4360 115,
776 4297 810 4345 10
829 4291 872 4346 vel
890 4311 917 4362 p.
934 4298 975 4363 u,
995 4299 1038 4363 oe,
1059 4298 1118 4363 roe,
1138 4296 1190 4346 res
1209 4294 1261 4347 eu.

301 4383 328 4450 3)
347 4378 522 4436 Gaisfordius
550 4379 676 4434 indicare
705 4379 812 4450 omisit,
840 4383 935 4435 utrum
961 4382 992 4436 in
1018 4384 1072 4436 hoc
1100 4381 1196 4437 codice
1225 4382 1318 4436 Procli
1346 4400 1383 4437 an

212 4466 330 4521 Taetzae
353 4485 426 4536 quae
451 4469 582 4525 dicuntur
601 4468 708 4524 scholia
726 4468 828 4525 insint:
848 4470 1013 4525 crediderim
1031 4487 1065 4525 ea
1083 4472 1201 4526 Tzetzae
1220 4487 1288 4526 esse.
