3342 5168
533 376 575 431 De
593 375 687 431 Procli
705 375 815 430 ratione
834 374 1047 447 interpretandi.
1333 375 1376 440 25

203 544 280 626 post
303 539 433 605 brevius
457 538 517 605 sub
541 539 650 616 άλλως
671 542 868 624 repetantur,
891 539 963 622 quis
987 538 1159 627 dubitabit,
1181 540 1261 624 quin
1278 540 1376 605 etiam

204 648 314 732 priora
331 645 453 711 fuerint
476 635 617 710 eiusdem
640 645 729 711 illius
748 644 960 731 grammatici,
984 645 1040 729 qui
1058 646 1139 711 latet
1158 647 1219 712 sub
1237 647 1378 712 formula

126 757 135 769 '
205 756 321 839 άλλως,
344 752 451 819 Procli
473 752 610 817 neutra?
647 751 730 828 Quid
753 756 861 816 autem
883 752 1051 817 dicendum
1074 753 1136 818 erit
1159 753 1198 819 de
1216 755 1272 840 eis,
1295 776 1377 839 quae

206 883 244 926 ex
282 863 427 938 veterum
463 859 538 924 crisi
569 858 730 923 Hesiodea
766 862 938 943 supersunt
977 858 1013 923 in
1045 859 1199 925 scholiis?
1243 860 1306 925 Hic
1336 882 1377 926 ne

205 966 347 1055 dubites,
374 970 492 1032 testem
519 987 630 1030 narsus
659 966 822 1032 advocabo
848 966 956 1050 ipsum
977 965 1135 1031 Proclum
1180 965 1300 1032 Hausit
1322 966 1378 1032 ille

205 1096 243 1139 ex
271 1074 361 1139 fonte
388 1094 447 1139 suo
475 1071 594 1158 (quode
621 1069 720 1158 infra)
743 1072 779 1136 in
806 1071 1046 1159 prolegomenis
1074 1072 1171 1138 etiam
1200 1095 1282 1158 quae
1308 1097 1377 1159 per-

204 1180 311 1246 tinent
338 1181 377 1245 ad
404 1179 562 1264 prooemii
590 1178 762 1244 athetesim
787 1178 1045 1263 Praxiphaneam
1073 1183 1105 1244 et
1126 1177 1377 1247 Aristarcheam.

204 1288 278 1371 lpse
297 1291 406 1352 tamen
425 1308 497 1351 cum
516 1289 703 1372 agnosceret
716 1285 926 1371 prooemium,
944 1285 1025 1371 vide,
1043 1307 1140 1369 quam
1153 1285 1378 1352 Aristarchaae

205 1393 342 1459 rationis
374 1415 504 1458 securus
536 1393 580 1458 sit
610 1392 799 1458 hariolatus.
845 1392 965 1458 Totum
996 1395 1086 1458 tenes
1109 1392 1273 1480 Proclum,
1305 1414 1378 1458 eum

205 1499 448 1584 Praxiphaneae
474 1499 652 1565 sententiae
678 1498 757 1563 haec
783 1498 933 1584 iniungat
960 1496 1004 1585 (p
1028 1497 1078 1587 4):
1105 1499 1160 1565 καὶ
1188 1502 1251 1585 γάρ
1279 1510 1378 1567 τοῦτο

206 1607 334 1692 πρέπον
363 1603 421 1690 ἦν,
453 1607 499 1683 ὡς
525 1610 626 1689 ἔοικε,
658 1604 757 1693 άνδρὶ
780 1606 923 1692 γράφειν
950 1606 1032 1671 άνεν
1059 1616 1182 1691 σκηνῆς
1208 1618 1379 1692 ποιητικῆς

173 1762 177 1768 -
207 1712 412 1798 ἐγχειροῦντι
448 1710 503 1776 καὶ
540 1713 604 1797 πρὸ
641 1719 759 1798 θυρῶν
791 1715 893 1794 ὄγκον
925 1710 1183 1801 ἐπιδεικνυμένῳ
1215 1716 1378 1798 περιττόν.

207 1818 361 1901 ἐπάγεται
389 1817 429 1884 δέ
452 1842 546 1895 τινας
572 1820 610 1883 τὸ
638 1818 682 1902 μὴ
710 1817 774 1884 άπὸ
798 1827 858 1883 τοῦ
877 1815 1055 1895 Ἑλικῶνος
1076 1824 1205 1902 καλείν,
1228 1821 1379 1885 Βοιωτὸν

207 1927 298 2008 ὄντα,
320 1926 379 2001 τάς
396 1926 549 2007 Μούσας,
572 1925 681 2011 ὥσπερ
705 1923 742 1990 ἐν
764 1934 803 2010 τῇ
825 1928 988 2011 Θεογονίᾳ
1008 1928 1196 2009 πεποίηκεν,
1219 1922 1290 1991 ἀλλ’
1314 1925 1378 1991 άπὸ

205 2039 265 2114 τῆς
283 2034 433 2116 Πιερίας,
456 2033 505 2107 είς
526 2031 564 2095 τὸ
588 2031 633 2115 μὴ
655 2035 853 2116 προσίεσθαι
876 2031 913 2096 τὸ
936 2035 1122 2116 προοίμιον.
1158 2032 1254 2116 τάχα
1278 2026 1308 2096 δ’
1332 2031 1379 2097 άν

116 2220 118 2223 Υ
207 2143 266 2220 εἴη
289 2135 353 2202 καὶ
376 2146 492 2203 τοῦτο
515 2137 789 2221 παιδευτικόν,
821 2141 878 2214 είς
899 2139 942 2203 τὸ
965 2139 1014 2222 μὴ
1036 2138 1162 2204 πάντα
1183 2140 1228 2204 τὰ
1252 2140 1378 2204 οἰκεία

206 2245 433 2330 σεμνύνειν,
451 2243 535 2311 ἀλλὰ
553 2240 608 2309 καὶ
627 2245 667 2309 τά
685 2241 761 2330 παρ’
780 2245 894 2322 ἄλλοις
908 2247 989 2310 ὄντα
1003 2248 1160 2328 μειζόνως
1173 2245 1285 2328 ἀγαθά
1299 2267 1379 2330 προ-

206 2353 361 2437 τιμάιερα
387 2361 455 2416 τῶν
481 2352 613 2416 οἰκείαν
640 2355 799 2416 τίθεσθαι
821 2356 889 2416 κτλ.
936 2349 1088 2416 Ceterum
1111 2351 1193 2417 solet
1218 2351 1253 2416 in
1275 2372 1379 2437 gram·

206 2457 324 2522 metica
355 2456 502 2522 doctrina
532 2456 723 2542 proferenda
753 2457 951 2542 acquiescere
978 2458 1014 2522 in
1041 2458 1142 2542 copiis
1169 2457 1378 2523 Plutarcheis.

206 2563 299 2629 Unde
313 2563 361 2649 fit,
373 2567 411 2628 ut
426 2585 520 2648 saepe
534 2563 614 2628 satis
627 2562 747 2628 habeat
766 2585 928 2647 opponere
943 2563 1010 2629 illis
1024 2564 1241 2630 Plutarchum.
1274 2564 1378 2651 Legae

208 2692 289 2754 quae
308 2673 385 2735 sunt
404 2668 444 2733 ad
461 2692 490 2733 v.
505 2669 571 2734 370
585 2668 629 2757 (p.
644 2666 739 2756 230):
762 2671 901 2746 τούτους
920 2667 957 2735 δὲ
975 2673 1054 2748 τοὺς
1071 2674 1205 2755 στίχους
1223 2670 1379 2756 ἐξέβαλον

208 2774 340 2864 (τινες),
367 2775 385 2842 ὁ
414 2772 451 2840 δὲ
475 2777 693 2861 Πλούταρχος
720 2774 872 2860 ἐγκρίνει.
918 2777 991 2841 δεῖν
1018 2777 1081 2862 γάρ
1109 2775 1164 2842 καὶ
1192 2779 1252 2842 τὸν
1277 2781 1379 2862 φίλον

209 2883 374 2968 συνεργὸν
400 2883 674 2968 παραλαμβάνειν
701 2880 754 2948 ἐπὶ
782 2881 955 2971 ὡρισμένῳ
979 2888 1100 2970 μισθῷ.
1146 2880 1196 2948 Ne
1218 2883 1379 2948 intellexit

208 2990 336 3074 quidem
354 2989 504 3054 hocloco
523 2988 667 3076 Proetus,
688 3010 744 3053 cur
761 2989 796 3053 in
815 2989 1030 3075 suspicionem
1047 3011 1160 3054 versus
1179 2993 1377 3055 vocarentur.

207 3093 291 3160 Sane
313 3096 507 3180 quibusdam
529 3118 718 3179 persuasum
741 3098 809 3161 erat
833 3117 887 3161 eos
909 3100 947 3161 ut
967 3095 1139 3181 proverbia
1161 3099 1217 3161 aut
1240 3096 1379 3162 aliorum

208 3208 264 3268 aut
285 3203 408 3269 nullius
432 3202 563 3268 omnino
586 3203 728 3270 auctoris
752 3224 832 3290 esse,
854 3203 882 3268 si
905 3203 1034 3287 quidem
1056 3203 1122 3268 tale
1144 3202 1223 3287 quid
1240 3203 1379 3268 efficitur

207 3331 246 3374 ex
277 3310 345 3375 illis
371 3308 559 3375 Aristotelis
590 3308 745 3398 verbisl),
778 3332 860 3394 quae
891 3311 1054 3394 pertinent
1086 3310 1126 3375 ad
1152 3332 1280 3376 versum
1304 3310 1378 3376 370.

206 3414 282 3481 Iure
307 3418 452 3502 profecto
479 3416 560 3482 mihi
586 3415 696 3482 videor
724 3440 743 3481 a
771 3415 885 3483 Proclo
914 3417 1109 3503 abiudicata,
1136 3417 1164 3482 si
1194 3438 1276 3501 quae
1302 3420 1379 3481 sunt
1447 3414 1448 3418 ’

207 3525 275 3587 tam
301 3523 481 3607 exquisitae
508 3524 687 3609 doctrinae,
715 3546 811 3608 quam
838 3527 928 3610 sunt,
956 3546 1037 3609 quae
1064 3527 1194 3590 exstant
1221 3525 1261 3588 ad
1283 3547 1311 3588 v.
1335 3523 1377 3588 97

208 3624 253 3713 (p.
283 3627 375 3717 103):
408 3640 505 3696 τοῦτο
538 3626 575 3695 δὲ
606 3627 662 3695 καὶ
690 3631 852 3715 Κουμανὸς
884 3630 902 3697 ὁ
935 3630 1163 3716 ἀρχιοινοχόος
1194 3641 1254 3696 τοῦ
1286 3634 1378 3714 βασι-

208 3732 289 3810 λέως
315 3736 534 3818 προῦτεινε.
580 3735 702 3820 φησὶν
725 3724 790 3803 οὖν
811 3735 1037 3823 Ἀρίσταρχος,
1066 3737 1116 3803 ὅτι
1139 3737 1160 3820 ἡ
1183 3733 1245 3820 μὲν
1266 3747 1379 3801 κακῶν

209 3842 318 3925 ἔμεινε
340 3846 420 3923 κτλ,
441 3841 492 3905 vel
515 3841 555 3905 ad
576 3865 605 3907 v.
624 3841 689 3907 529
713 3840 758 3929 (p.
777 3839 871 3928 318),
899 3841 955 3906 ubi
978 3840 1118 3907 Cratetis
1145 3841 1203 3906 illa
1224 3841 1322 3907 lectio
1346 3846 1378 3907 et

208 3946 340 4011 affertur
363 3950 394 4010 et
418 3948 603 4031 explicatur.
639 3949 713 4014 Mea
736 3947 865 4032 quidem
886 3948 1046 4013 sententia
1064 3948 1104 4013 ab
1123 3947 1253 4034 ingenio
1271 3947 1379 4013 Procli

208 4054 330 4118 chenus
354 4058 403 4118 est
425 4055 477 4118 vel
495 4056 575 4119 artis
592 4056 824 4120 vocabulorum
841 4077 929 4141 usus,
952 4076 1033 4139 qnae
1051 4055 1257 4139 frequentant
1274 4077 1378 4141 gram-

207 4161 326 4246 matici,
350 4182 551 4246 quorumque
573 4161 672 4226 habes
695 4163 839 4246 exempla
861 4162 897 4226 in
918 4162 1111 4249 Proclianis‚
1135 4184 1217 4247 quae
1240 4165 1316 4227 sunt
1339 4162 1378 4227 ad

207 4290 236 4332 v.
265 4267 329 4331 277
362 4267 407 4353 (p.
435 4265 513 4356 191)
545 4271 645 4333 et-
671 4267 766 4351 plura
798 4272 905 4334 autem
936 4268 997 4334 hac
1028 4269 1066 4333 de
1098 4291 1132 4333 re
1163 4269 1248 4334 infra
1272 4307 1314 4316 -
1338 4269 1378 4334 ad

299 4499 324 4567 1)
342 4495 434 4551 ncnc.
453 4495 561 4552 Nicom.
581 4496 620 4551 IX
637 4515 663 4566 p.
681 4502 765 4552 neu·
779 4503 826 4567 2⁷3
844 4497 935 4553 uene.
954 4496 1025 4553 Eud.
1039 4497 1104 4555 VIII
1121 4515 1148 4569 p.
1165 4492 1249 4551 racab
1264 4501 1305 4552 sc.
