3390 5178
286 351 349 415 182
535 348 576 402 De
595 346 717 417 Operum
734 345 862 427 uersibus
882 346 918 400 ab
937 344 1061 414 antiquis
1079 343 1213 403 laudatis,

284 514 341 598 qui
373 513 517 597 disputat
546 513 659 575 contra
688 508 899 595 Apollonium
929 506 1116 592 Sophistam
1148 506 1200 595 (cf.
1218 509 1279 574 lex.
1299 507 1459 573 Homeris.

284 643 314 705 p.
336 621 410 706 166,
425 620 464 683 17
484 617 584 682 Bekis.
600 639 624 682 s.
638 641 667 682 5.
685 614 821 704 χαλκέα)
840 620 873 681 51
890 616 932 679 ab
946 619 1077 681 auctore
1090 614 1199 700 Etym.
1216 615 1328 701 Magni
1341 638 1371 700 p.
1386 614 1461 698 805,

286 728 342 811 32,
379 726 435 809 551
469 724 583 790 (155115
621 746 663 790 an
698 722 848 789 nonnihil
883 723 1027 787 hauserit
1065 744 1103 787 ex
1134 722 1264 788 scholiis
1294 722 1461 807 Apollonii

285 830 418 915 Rhodii,
440 829 498 895 ubi
521 851 572 895 res
596 834 645 895 est
665 828 703 894 de
727 829 809 895 aeris
832 833 907 894 anto
926 829 1047 894 ferrum
1070 829 1238 895 inventum
1260 852 1322 896 usu
1344 834 1400 894 aut
1423 829 1461 893 dc

285 938 454 1021 utriusque
484 936 608 1002 metalli
640 938 725 1002 inter
754 959 788 1001 sc
817 935 1024 1001 commutatis
1051 936 1245 1002 nominibus.
1291 935 1362 1001 Hoc
1385 958 1462 1001 sane

286 1043 372 1109 cadit
394 1065 433 1108 ex
451 1042 619 1128 Apollonii
637 1048 725 1109 recta
743 1042 905 1108 sententia
922 1041 958 1107 in
974 1040 1163 1128 Homerum,
1184 1044 1241 1108 ubi
1258 1044 1362 1110 ferrea
1385 1065 1462 1127 quo·

286 1173 348 1236 que
371 1173 460 1216 arma
483 1151 632 1215 dicuntur
662 1172 773 1235 aenea3
803 1154 916 1214 contra
945 1149 984 1213 de
1006 1149 1150 1215 Hesiodo
1181 1150 1372 1216 scholiastae
1394 1171 1462 1214 sen-

286 1258 388 1323 tentia
411 1260 461 1322 est
484 1257 610 1322 rectior.
644 1255 683 1322 In
703 1257 813 1322 eodem
831 1279 926 1333 versu
944 1255 1153 1342 Porphyrius,
1177 1279 1272 1341 quem
1290 1259 1355 1323 iam
1372 1257 1463 1322 5551-

286 1387 359 1430 555
376 1368 408 1429 51
421 1386 590 1430 noscemus
606 1364 710 1429 denuo
724 1364 899 1450 hominem,
919 1385 978 1448 pro
996 1362 1057 1429 οὐκ
1077 1366 1151 1430 ἔσκε
1167 1363 1298 1429 exhibet
1312 1363 1462 1431 ἀπέκειτο

286 1472 321 1536 15
348 1470 426 1536 Vita
452 1469 620 1555 Apollonii
648 1468 696 1535 VI
714 1471 745 1555 2,
763 1471 793 1556 2,
821 1470 878 1535 ubi
906 1474 1054 1554 apertum
1083 1475 1133 1535 est
1164 1492 1203 1535 ex
1233 1472 1463 1538 sententiarum

288 1599 411 1643 conexu
435 1600 507 1643 eum
525 1600 620 1644 suum
642 1577 683 1642 ad
705 1577 803 1641 finem
826 1576 924 1642 verba
946 1580 1061 1659 poetae
1080 1581 1303 1643 commutasse.
1324 1615 1366 1624 —
1385 1577 1464 1643 Ver-

288 1689 343 1749 sus
373 1685 434 1749 151
464 1685 553 1749 (15551
582 1684 617 1748 15
647 1705 768 1768 papyro
798 1680 969 1748 Nicoliano
992 1680 1023 1747 A
1046 1680 1133 1770 (vide
1163 1683 1204 1749 ad
1232 1681 1376 1770 5120),
1406 1683 1464 1747 ubi

288 1791 424 1858 servatis
446 1791 560 1857 mediis
587 1813 738 1856 uersuum
763 1790 936 1856 153-161
961 1789 1081 1855 litteris
1109 1791 1326 1878 fragmentum
1349 1813 1464 1874 ογενος

289 1920 401 1964 versus
417 1897 481 1964 156
495 1898 704 1983 subsequitur
723 1898 793 1963 565(
812 1918 922 1963 versus
944 1897 1016 1962 158.
1044 1896 1146 1974 Quam
1161 1898 1203 1962 oh
1222 1920 1290 1963 rem
1307 1896 1466 1983 Nicolius,

291 2010 328 2070 ut
352 2028 415 2089 qua
439 2006 477 2070 de
496 2028 591 2071 causa
614 2005 808 2071 excidissent
830 2004 908 2068 haee
930 2004 1028 2069 verba
1046 2005 1249 2091 patefaceret,
1269 2004 1374 2069 initiis
1397 2026 1465 2069 ver-

293 2135 387 2176 suum
416 2110 477 2176 151
508 2116 539 2176 51
565 2110 628 2178 158
658 2111 795 2176 55515511
818 2111 918 2175 fuisse
951 2115 1081 2176 exarata
1113 2111 1317 2196 aliquomodo
1346 2111 1465 2176 similia

289 2218 453 2283 vocabula.
496 2216 559 2283 Sed
577 2221 614 2282 ut
632 2222 755 2283 taceam
779 2217 817 2281 de
837 2217 998 2281 similibus
1016 2217 1069 2282 551
1087 2218 1204 2284 eisdem
1225 2218 1331 2284 verbis
1354 2218 1465 2283 ecdem
1543 2227 1547 2233 '

289 2325 361 2389 loco
389 2325 526 2390 duorum
557 2346 686 2390 versum
715 2324 979 2408 subsequentium
1011 2324 1237 2391 molestissime
1260 2326 1398 2409 iteratis,
1427 2325 1465 2389 fit

290 2435 420 2516 accepta
443 2430 564 2496 Nicolii
594 2430 754 2495 sententia
784 2430 885 2495 altera
912 2431 1070 2517 recensio,
1099 2433 1154 2497 sed
1186 2436 1254 2497 tam
1275 2432 1371 2517 longe
1394 2454 1465 2517 prc-

291 2538 380 2624 gredi
413 2537 620 2603 coniectando
650 2559 733 2624 nego
763 2538 858 2603 licere
888 2559 961 2602 cum
991 2537 1069 2603 alibi
1098 2543 1169 2604 tum
1198 2538 1366 2626 hocloco,
1393 2562 1463 2604 cum

291 2646 521 2731 fragmentum,
545 2645 583 2709 de
606 2666 670 2729 quo
694 2667 745 2709 res
769 2649 830 2731 551,
853 2648 984 2710 nostrae
1007 2649 1116 2730 aperte
1143 2646 1187 2710 sit
1210 2646 1405 2711 recensionis
1428 2647 1465 2711 cl.

290 2775 319 2817 5.
341 2752 523 2817 111-119.
569 2749 683 2835 Neque
716 2749 824 2836 vide0,
859 2773 916 2816 cur
951 2774 1017 2816 555
1048 2751 1143 2817 liceat
1175 2752 1301 2818 credere
1331 2776 1420 2819 casu
1448 2778 1467 2819 5

290 2858 424 2923 librario
449 2858 603 2923 omissum
630 2879 699 2922 esse
732 2879 868 2923 versum.
913 2857 999 2924 Nam
1031 2858 1221 2924 excidisse
1252 2881 1325 2924 eum
1355 2865 1388 2925 et
1415 2861 1466 2925 ad·

291 2965 390 3029 fuisse
412 2964 447 3028 in
477 2963 666 3050 archetypo,
694 2964 814 3048 quippe
837 2965 893 3048 qui
925 2986 964 3029 cx
991 2987 1098 3029 rerum
1122 2987 1244 3031 conexu
1272 2967 1379 3032 deesse
1401 2989 1467 3032 non

292 3074 415 3155 posset,
447 3090 541 3134 nemo
564 3069 705 3154 negabit.
750 3068 820 3134 Iam
849 3070 950 3155 igitur
972 3093 1013 3135 55
1035 3070 1097 3137 hoc
1127 3073 1257 3157 quidem
1280 3072 1353 3139 1555
1376 3074 1467 3139 adest

291 3177 438 3243 varietas.

382 3281 521 3347 Versum
541 3281 605 3347 163
628 3286 801 3368 postquam
828 3285 1147 3351 commemoravimus
1169 3286 1293 3351 laudari
1316 3311 1336 3351 a
1353 3287 1468 3352 Taetza

293 3390 333 3454 ad
351 3388 574 3473 Lycophronis
596 3412 625 3454 v.
645 3390 720 3473 933,
743 3391 807 3454 iam
828 3391 999 3476 videamus,
1023 3397 1220 3478 quantopere
1242 3394 1344 3459 variet
1367 3394 1468 3458 altera

293 3497 436 3563 recensio
451 3500 525 3581 post
542 3519 672 3562 versum
693 3497 756 3562 113
775 3497 827 3562 551
844 3499 954 3582 potius
973 3504 1047 3564 5515
1065 3522 1093 3564 5.
1114 3499 1186 3565 114.
1222 3501 1342 3565 Exstat
1360 3504 1466 3564 autem

293 3604 501 3669 veterrimum
529 3603 686 3670 scholium
709 3627 728 3669 a
751 3603 975 3670 Choerobosco
1000 3606 1068 3671 5155
1098 3606 1164 3672 5115
1193 3608 1240 3672 rei
1262 3607 1394 3672 notione
1416 3629 1467 3670 ex-

294 3712 448 3796 scriptum
473 3734 502 3796 p.
524 3711 598 3799 137,
617 3714 647 3799 1,
670 3711 761 3777 55155
779 3711 897 3776 lemma
919 3715 970 3776 est
988 3732 1099 3776 versus
1122 3712 1261 3799 integer:
1283 3719 1386 3795 τηλοῦ
1409 3711 1465 3778 ἀπ’

294 3818 484 3902 ἀθανάτων,
507 3830 615 3885 τοῖσιν
638 3822 771 3906 Κρόνος
798 3817 1014 3904 ἐμβασιλεύει.
1060 3817 1181 3884 Versus
1209 3816 1278 3905 ille,
1304 3819 1361 3904 qui
1384 3841 1469 3884 nunc

293 3923 481 3990 numeratur
507 3926 584 4013 169,
612 3948 685 3992 curn
715 3924 873 3991 scholium
904 3925 1043 4009 excipiet
1070 3924 1229 3990 scholium
1251 3947 1361 3990 versus
1396 3925 1469 4012 159,

294 4054 427 4116 prorsus
445 4032 535 4096 deest
548 4033 584 4096 in
601 4032 695 4096 libris
712 4054 788 4097 mss.
815 4031 1292 4120 ιΗ5515(11;5551555(11551151
1305 4032 1340 4096 in
1358 4033 1468 4116 paucis

294 4138 542 4223 recentioribus,
563 4138 617 4202 hic
639 4138 775 4204 missum
799 4138 896 4223 facio,
918 4160 991 4203 cum
1013 4139 1090 4203 illuc
1113 4160 1186 4203 eum
1208 4138 1337 4203 illatum
1359 4160 1429 4203 5555
1451 4161 1469 4202 5

296 4243 513 4311 Choerobosoi
545 4245 672 4309 demum
701 4245 824 4310 scholio
855 4250 951 4329 atque
983 4245 1016 4309 id
1045 4249 1150 4311 551515
1178 4246 1396 4311 recentissima
1425 4245 1469 4309 sit

296 4352 509 4417 manifestum.
555 4349 668 4435 Neque
692 4353 776 4417 enim
794 4351 909 4431 Taetza
931 4353 983 4417 vel
1000 4351 1230 4436 Moschopulus
1253 4353 1352 4417 istum
1375 4373 1469 4416 5555

296 4462 373 4523 runt
402 4457 454 4522 551
477 4458 730 4544 explicaverunt,
762 4463 808 4544 et,
838 4459 870 4522 id
901 4459 986 4543 quod
1010 4459 1234 4544 gravissimum
1258 4463 1322 4546 est,
1349 4458 1470 4543 legitur
