3390 5178
320 340 384 404 170
566 340 608 394 De
627 342 747 409 Operum
764 339 890 394 versibus
910 339 946 393 ab
966 337 1090 407 antiquis
1109 337 1241 394 laudatis.

318 502 378 568 An.
397 502 468 568 Par⁴
487 502 503 567 I
521 527 551 587 p.
571 501 645 568 295.
664 504 708 567 22
731 502 833 567 celato
856 503 986 568 nomine
1009 507 1123 587 poetae
1145 502 1257 567 laudat
1280 503 1371 587 prius
1394 502 1493 568 hemi-

319 610 478 675 stichium.
513 646 555 656 —-
587 610 791 676 Dubitabant
818 610 880 675 viri
908 610 1008 698 docti,
1038 609 1113 694 quia
1141 631 1207 674 non
1234 610 1313 674 satis
1336 615 1493 676 noverant

319 718 471 801 scriptam
488 718 685 804 memoriam,
708 716 868 802 quomodo
892 721 977 782 esset
1000 716 1138 782 traditus
1157 717 1193 781 in
1210 716 1493 801 librisHesiodeis

318 847 430 889 versus
450 824 501 890 62.
546 824 690 889 Exhibet
714 822 847 889 enimG
1307 804 1313 813 ¹

773 928 810 997 δὲ

580 1020 767 1104 ἀθανάτῃσι
813 1027 910 1098 θεαῖς
932 1022 980 1097 εἰς
1002 1016 1075 1086 ὦπα
1099 1019 1222 1085 ἐίσκειν

317 1154 529 1243 (postremum
557 1154 751 1219 vocabulum
778 1158 828 1218 est
856 1153 1012 1237 scriptum
1040 1152 1159 1217 litteris
1187 1154 1365 1218 maioribus
1388 1154 1421 1218 in
1446 1177 1495 1219 ra-

318 1285 406 1347 sura,
439 1266 471 1326 et
493 1262 528 1326 in
560 1262 705 1346 margine
732 1261 876 1325 additum
904 1283 923 1324 a
949 1281 1047 1324 manu
1074 1261 1251 1325 recentiore
1279 1285 1329 1346 γρ.
1361 1259 1493 1349 ἔοικεν),

318 1352 429 1433 contra
442 1368 489 1433 D:
507 1368 692 1445 ἀθανάταις
710 1364 747 1433 δὲ
766 1375 863 1444 θεαῖς
882 1370 1059 1432 correctum
1078 1367 1113 1431 in
1130 1367 1301 1451 ἀθανάτης
1315 1369 1352 1432 δε
1366 1366 1492 1455 aerest)

319 1476 436 1541 codicis
468 1475 622 1540 Messenii
653 1474 750 1539 lectio
779 1472 826 1561 (et
859 1474 1050 1539 scholiastae
1078 1473 1209 1538 Pindari
1231 1474 1251 1538 l.
1270 1471 1305 1561 l.)
1336 1477 1386 1538 est
1413 1473 1494 1539 ἀθα-

318 1583 419 1666 νάτης
442 1579 479 1648 δὲ
502 1589 585 1667 θεῆς
608 1580 737 1670 (sedin
754 1581 850 1646 Mese.
874 1582 942 1646 iota
966 1605 985 1645 a
1007 1603 1104 1646 manu
1127 1582 1303 1647 recentiore
1325 1586 1401 1645 sunt
1421 1581 1494 1645 sub-

287 1755 292 1762 ,
320 1687 491 1777 scripta).²')
542 1688 656 1773 Neque
683 1709 743 1774 ego
761 1689 901 1779 dubito,
933 1689 1012 1773 quin
1033 1689 1112 1753 haec
1144 1711 1208 1752 una
1234 1687 1331 1752 lectio
1364 1691 1493 1753 exarata

318 1797 416 1862 fuerit
443 1797 477 1861 iu
501 1796 663 1861 communi
686 1796 861 1880 archetypo
886 1795 1104 1880 suprascripta
1126 1799 1219 1879 parte
1241 1818 1353 1860 versus
1375 1794 1493 1860 similis

322 1907 354 1968 Γ
369 1902 431 1969 158
456 1905 515 1969 sic:

490 2009 678 2095 ἀθανάτῃσι
739 2018 822 2096 θεῇς
845 2012 892 2088 εἰς
915 2007 988 2076 ὦπα
1011 2012 1119 2074 ἔοικεν
1143 2007 1191 2096 (Γ
1206 2007 1284 2095 158)

488 2117 658 2202 ἀθανάτῃς
681 2114 719 2182 δὲ
742 2123 824 2203 θεῇς
847 2119 895 2194 εἰς
917 2113 991 2183 ὦπα
1015 2115 1137 2182 ἐίσκειν
1160 2114 1233 2203 (Op.
1253 2114 1319 2203 62).

320 2250 388 2315 lam
421 2272 458 2315 ea
489 2255 539 2315 est
572 2252 663 2336 origo
690 2252 838 2316 lectionis
867 2251 985 2315 codicis
1013 2248 1053 2338 Ο,
1080 2256 1117 2315 ut
1145 2250 1298 2315 librarius
1329 2250 1494 2334 scripserit

320 2379 449 2421 versum
463 2356 669 2423 Homericum
689 2362 731 2445 et,
749 2361 786 2423 ut
800 2361 944 2422 erratum
962 2357 1153 2442 emendaret,
1173 2384 1184 2422 ι
1199 2357 1286 2422 vocis
1306 2356 1493 2441 ἀθανάτῃσι

318 2464 447 2549 punctis
475 2465 636 2530 notaverit
663 2465 795 2550 falsum,
828 2461 866 2529 δὲ
894 2464 1172 2550 suprascripserit,
1204 2486 1358 2548 erasoque
1386 2466 1493 2529 ἔοικεν

319 2571 497 2637 exaraverit
522 2571 651 2637 ἐίσκειν.
706 2571 751 2636 Et
775 2577 947 2656 antequam
971 2594 1111 2636 errorem
1136 2571 1377 2655 animadvertit,
1408 2570 1492 2634 idem

317 2680 470 2744 librarius
476 2732 485 2765 ,
511 2684 548 2744 ut
576 2680 680 2763 prima
712 2701 823 2743 versus
843 2679 886 2743 63
909 2701 973 2744 vox
995 2680 1203 2763 responderet
1226 2679 1347 2743 formae
1370 2675 1494 2743 ἀθανά-

317 2804 427 2873 τῃσιν,
454 2787 584 2870 scripsit
611 2793 841 2872 deposcendos.
892 2784 954 2861 Qui
982 2808 1057 2851 vero
1088 2810 1138 2870 γρ.
1162 2788 1270 2850 ἔοικεν
1292 2786 1327 2848 in
1349 2784 1493 2869 margine

318 2894 436 2959 codicis
459 2894 635 2978 adnotavit,
658 2893 720 2958 hoo
744 2893 878 2958 verbum
900 2893 996 2957 male
1019 2914 1169 2956 erasum
1192 2892 1273 2977 legit
1296 2892 1331 2955 in
1353 2891 1423 2975 ipso
1443 2913 1493 2956 co-

319 3001 388 3065 dice
420 3006 453 3064 et
485 3000 606 3065 variam
638 2999 824 3085 lectionem,
862 3021 929 3063 non
961 3021 1100 3063 errorem
1132 2999 1256 3063 librarii
1289 2998 1389 3062 duxit.
1448 2996 1493 3061 At

317 3106 489 3172 lectionem
509 3128 582 3170 vere
596 3106 718 3170 variam
733 3105 863 3169 exhibet
878 3104 1032 3191 Origenes
1048 3104 1127 3192 (1.1.)
1142 3105 1325 3182 ἀθανάτοις
1339 3102 1376 3170 δὲ
1390 3111 1491 3180 θεοῖς.

318 3251 362 3260 -
385 3212 524 3277 Versum
544 3212 587 3275 63
610 3234 694 3276 unus
717 3212 828 3276 laudat
847 3211 1002 3298 Origenes
1022 3211 1055 3300 (l.
1074 3211 1118 3301 l).

408 3318 499 3395 Quod
530 3319 566 3382 in
598 3341 693 3383 versu
717 3317 760 3381 64
793 3319 923 3384 exhibet
950 3319 981 3382 D
1013 3322 1204 3406 διασαῆσαι,
1234 3318 1317 3382 nihil
1349 3323 1398 3384 est
1428 3318 1493 3382 nisi

318 3427 501 3491 coniectura
522 3425 658 3509 librarii,
681 3426 737 3510 qui
760 3426 842 3490 illud
865 3425 949 3504 ἀπαξ
974 3423 1185 3514 λεγόμενονθ)
1210 3426 1404 3492 Hesiodeum
1427 3448 1492 3491 non

319 3533 453 3596 duxerit.
505 3531 598 3608 Quod
626 3533 834 3597 confirmatur
863 3533 1082 3617 disputatione
1110 3532 1288 3598 Herodiani
1313 3531 1372 3621 (ed.
1391 3533 1492 3597 Lenta

318 3638 443 3703 11782.
465 3640 521 3723 12,
550 3638 693 3704 Crameri
715 3637 834 3704 Anecd.
859 3637 960 3704 Oxou.
979 3638 1027 3703 IV
1046 3638 1126 3727 338)
1150 3644 1182 3704 et
1205 3639 1361 3726 Hesychii
1384 3640 1493 3726 glossa

319 3748 528 3831 διδασκῆσαι·
562 3746 707 3831 διδάξαι,
740 3770 757 3811 e
790 3747 908 3831 quibus
942 3768 1052 3811 omnes
1084 3747 1278 3812 recentiores
1311 3745 1492 3835 pendente)

407 3942 433 4010 1)
451 3939 527 4009 Non,
549 3941 582 3993 ut
599 3938 732 3993 Flaohius
751 3939 782 3992 in
800 3939 868 3993 edit.
888 3937 1103 4010 Goettlingiana
1120 3943 1216 3995 monet
1234 3940 1375 3995 immerito
1394 3942 1493 3996 contra

317 4028 488 4097 Kinlrelium,
507 4027 665 4091 ἀθανάτοις
683 4026 715 4082 δὲ
735 4032 821 4091 θεοῖς.
859 4028 933 4083 Vide
951 4028 1106 4083 Rzachium
1124 4029 1218 4099 Symb.
1238 4030 1369 4099 Pragens.
1388 4047 1415 4098 p.
1432 4035 1491 4084 176.

407 4121 435 4188 2)
452 4118 494 4171 De
511 4117 573 4171 loco
592 4119 653 4171 toto
672 4117 799 4171 conferas
822 4117 977 4172 Rzachium
995 4119 1089 4188 Symb.
1109 4119 1190 4189 Prag.
1205 4119 1223 4173 l.
1239 4119 1257 4176 l.
1277 4122 1307 4173 et
1325 4120 1402 4173 serta
1419 4118 1491 4172 Har-

317 4204 425 4261 teliana
442 4225 469 4276 p.
485 4212 545 4261 alo.

408 4297 434 4362 3)
452 4294 485 4347 In
493 4313 520 4348 v.
532 4299 583 4348 144
592 4295 690 4363 hymni
698 4295 729 4348 in
739 4294 866 4349 Cererem
874 4295 981 4366 legitur
994 4295 1296 4365 econiecturaVossii3
1311 4294 1493 4366 ἐκδιδάσκησε

319 4385 362 4437 est
381 4383 457 4452 apud
474 4383 555 4436 Pind.
574 4382 603 4437 P.
619 4389 645 4452 4,
659 4389 719 4438 217.

408 4474 435 4537 4)
453 4471 545 4540 Etym.
564 4472 700 4542 Magnum
714 4490 740 4541 p.
757 4479 816 4528 231.
832 4480 875 4543 40,
890 4480 950 4530 272.
966 4480 995 4543 83
1015 4474 1106 4542 Etym.
1122 4473 1282 4528 Gudianum
1297 4479 1356 4529 145.
1372 4479 1419 4542 333
1437 4473 1493 4527 Eu-
