3342 5168
277 366 319 430 58
746 368 859 427 Scholia
876 372 977 428 Procli.

275 537 400 598 restant
418 534 571 618 reliquiae
585 557 616 620 p.
628 534 679 619 94,
694 535 836 621 22—24,
849 533 972 620 25—p.
983 533 1074 621 95,4,
1089 535 1143 600 sed
1156 535 1259 601 multo
1273 535 1368 622 plura
1382 557 1445 600 ser·

275 641 364 706 vavit
387 640 500 705 Taetza
522 664 553 725 p.
574 640 625 725 95,
648 641 734 726 apud
758 664 853 726 quem
874 641 926 707 vel
946 641 1090 707 Platonis
1114 639 1300 729 memoria¹)
1324 641 1445 706 indicat

275 744 548 832 Neoplatonicum
581 751 752 813 auctorem.
797 746 1044 813 Dubitationem
1071 752 1179 813 tamen
1205 751 1327 831 movet,
1359 734 1447 831 quod

275 853 484 937 grammatice
521 876 555 918 se
587 854 672 939 gerit
703 878 735 939 p.
762 851 819 942 95,
839 854 961 939 8-10,
998 859 1179 941 augentque
1210 854 1445 919 dubitationem

273 957 511 1047 Etymologr),
542 983 623 1045 quae
646 964 723 1045 post
746 982 908 1026 summum
930 962 965 1025 in
987 961 1101 1046 primis
1124 961 1230 1026 verbis
1254 982 1445 1026 eonsensum

244 1080 245 1083 ’
273 1087 361 1130 mera
375 1067 585 1151 grammatica
600 1067 752 1132 exhibent
771 1072 803 1132 et
818 1067 963 1132 aProclo
978 1090 1112 1154 prorsus
1127 1068 1238 1133 aliena.
1276 1065 1339 1131 Sed
1357 1067 1444 1131 auxi·

273 1171 373 1236 liatur
404 1173 609 1239 Eustathius.
659 1173 694 1238 Is
724 1177 894 1258 utramque
926 1174 1172 1259 explicationem
1202 1174 1358 1259 integram
1393 1195 1444 1237 ex-

274 1278 420 1365 scripsit,
442 1279 483 1344 ad
505 1278 637 1344 Iliadem
660 1279 676 1343 Ι
698 1302 730 1364 p.
751 1280 895 1364 71-82,
916 1281 956 1345 18
981 1278 1108 1364 Stallb,
1134 1280 1217 1344 unde
1239 1284 1331 1364 patet
1354 1280 1445 1345 etin

273 1385 379 1470 prima
402 1390 434 1450 et
457 1387 493 1450 11
514 1383 710 1473 poseremass)
735 1390 826 1470 parte
848 1409 908 1452 nos
931 1390 1038 1451 tenere
1056 1386 1163 1451 Procli
1186 1387 1307 1452 scholia
1326 1385 1372 1475 (p.
1392 1387 1444 1472 71,

148 1515 165 1541 0
275 1492 392 1578 1-19,
413 1493 463 1573 72,
477 1490 617 1580 5-18),
636 1493 739 1558 media
758 1498 835 1558 sunt
852 1493 1069 1579 grammatica,
1089 1515 1169 1578 quae
1188 1495 1240 1558 cui
1258 1493 1444 1581 debeantur,

273 1599 346 1682 quis
365 1598 602 1686 interrogabit?
630 1596 782 1664 Ceterum
796 1599 952 1683 advertas,
972 1602 1170 1684 quantopere
1183 1622 1228 1685 ea,
1248 1623 1345 1684 quam
1357 1621 1443 1665 nunc

272 1705 313 1769 ad
329 1704 499 1770 Procliana
520 1706 721 1771 restituenda
743 1706 882 1791 ingressi
905 1728 1015 1770 sumus
1034 1707 1129 1792 viam,
1147 1727 1289 1793 congrua
1307 1708 1350 1771 sit
1370 1729 1444 1772 cum

273 1811 396 1876 ratione
414 1813 470 1876 illa
488 1812 672 1898 principali,
690 1834 729 1876 ex
749 1834 813 1897 qua
832 1812 980 1897 syllogen
998 1812 1195 1878 scholiorum
1209 1811 1443 1878 Hesiodeorum

271 1918 473 1983 iudicandam
505 1941 574 1983 esse
606 1918 904 1984 demonstravimus.
930 1956 971 1965 -—
994 1917 1046 1983 Ad
1077 1940 1187 1983 versus
1216 1918 1234 1981 7
1239 1919 1346 1983 7-83
1379 1919 1443 1983 tria

272 2028 347 2088 sunt
361 2024 469 2089 Procli
487 2025 611 2090 scholia
624 2024 744 2089 tradita
758 2048 790 2109 p.
806 2023 858 2110 95,
872 2025 1013 2109 21-96,
1027 2024 1058 2110 3,
1071 2024 1168 2110 4-7,
1184 2025 1322 2091 14-21,
1355 2023 1443 2101 Quae

270 2131 346 2195 licet
370 2130 499 2216 explere
523 2132 687 2217 omnibus,
715 2153 796 2216 quae
824 2130 911 2215 apud
935 2130 1184 2217 Moschopulum
1206 2155 1238 2216 p.
1257 2132 1314 2219 98,
1334 2131 1444 2197 1-10

271 2240 441 2301 servantur
461 2236 500 2302 de
519 2237 726 2302 distinctione
745 2237 971 2322 philosophice
989 2237 1174 2325 definienda,
1197 2259 1278 2322 quae
1297 2238 1340 2303 sit
1358 2238 1444 2303 inter

270 2343 427 2408 vocabula
454 2345 566 2428 δόλος,
598 2344 722 2428 πλάνη,
754 2344 870 2428 ἀπάτη.
915 2343 983 2409 lam
1010 2345 1148 2409 vidimus
1176 2368 1195 2409 a
1221 2344 1336 2410 Proclo
1363 2344 1444 2408 talia

269 2470 337 2513 101
354 2472 427 2515 raro
446 2472 516 2516 esse
535 2454 682 2515 tractata.
719 2450 771 2515 Ex
791 2452 901 2515 eodem
919 2451 1009 2515 fonte
1028 2451 1190 2516 fluxerunt
1209 2451 1443 2536 explicationes

269 2555 358 2620 vocis
377 2557 546 2643 Πανδώρη
570 2558 606 2621 in
623 2557 732 2640 Etym.
751 2555 870 2642 Magno
889 2580 921 2641 p.
941 2556 1016 2643 650,
1030 2557 1083 2644 39,
1106 2555 1252 2623 0111111110
1276 2580 1307 2643 p.
1322 2556 1398 2644 451,
1412 2559 1444 2643 3,

270 2683 408 2746 quorum
434 2666 545 2727 tamen
571 2664 607 2726 in
629 2663 688 2728 illo
711 2685 881 2748 perperam
904 2662 1025 2748 legitur
1047 2667 1124 2748 post
1146 2662 1253 2728 Procli
1275 2664 1375 2728 verba
1398 2665 1445 2740 ὥς

268 2784 373 2852 φησιν
392 2766 557 2852 Ἡσίοδος,
580 2770 615 2833 in
637 2769 699 2835 hoc
721 2773 808 2834 recte
831 2770 1069 2853 scriptumest:
1092 2773 1182 2836 ἔστιν
1201 2772 1306 2854 ὄνομα
1324 2771 1445 2856 κύριον

267 2871 347 2961 παρ’
376 2873 529 2964 Ἡσιόδῳ.
554 2914 596 2922 -
620 2874 672 2940 Ad
694 2898 722 2940 v.
747 2875 790 2941 84
814 2899 845 2960 p.
866 2876 1066 2960 98,11-21
1098 2877 1169 2960 ipse
1195 2876 1330 2942 Proclus
1358 2897 1445 2940 com-

268 2981 386 3065 probat
413 2982 573 3046 rationem
600 2985 760 3064 nostram,
790 3004 853 3065 qua
876 2981 965 3046 ducti
988 3006 1007 3046 a
1029 2981 1143 3046 Taetza
1166 2982 1302 3066 aliisque
1325 2981 1445 3066 allego-

267 3086 372 3152 ricum
398 3109 501 3172 genus
530 3109 658 3172 semper
681 3087 907 3151 transtulimus
930 3088 971 3152 ad
993 3088 1093 3154 illum.
1120 3127 1157 3136 —
1182 3087 1234 3154 Ad
1256 3111 1284 3154 1.
1309 3087 1445 3152 85-90

268 3192 389 3257 tradita
416 3197 493 3257 sunt
522 3196 678 3278 quattuor
703 3192 810 3258 Pr0eli
839 3193 961 3257 scholia
983 3217 1014 3278 p.
1034 3194 1219 3278 99,5-11,
1235 3194 1398 3279 12-100,
1412 3193 1445 3278 8,

266 3299 379 3384 4-9,
400 3299 441 3364 16
453 3299 553 3381 -21,
584 3299 670 3362 inter
697 3297 776 3363 haec
804 3299 960 3363 nonnulla
987 3300 1028 3364 ab
1056 3322 1094 3365 eo
1122 3301 1233 3365 aliena.
1278 3298 1445 3383 Inprimis,

268 3427 350 3489 quae
374 3405 414 3469 de
435 3403 700 3489 interpunctione
722 3404 895 3469 traduntur
912 3405 947 3468 in
964 3428 993 3469 1.
1013 3404 1055 3469 85
1074 3429 1105 3490 p.
1125 3405 1332 3488 99,10-11,
1350 3404 1445 3468 11110

266 3510 363 3576 modo
400 3511 436 3574 in
466 3509 574 3574 Procli
611 3511 875 3575 commentarium
911 3510 1077 3595 quadrant.
1123 3509 1191 3575 Nec
1226 3512 1330 3596 magis
1366 3514 1446 3573 sunt

266 3616 387 3702 Procli,
420 3638 502 3701 quae
534 3617 569 3680 in
602 3615 725 3681 scholio
757 3615 951 3681 exhibentur
983 3615 1023 3679 ad
1052 3638 1080 3679 1.
1104 3617 1146 3681 89
1178 3640 1210 3701 p.
1236 3617 1312 3700 100,
1331 3615 1446 3680 4-91

266 3721 372 3808 φησὶν
405 3721 546 3811 (quis?),
579 3723 631 3788 ὅτι
659 3725 864 3808 Προμηθεὺς
895 3723 954 3786 τὸν
986 3732 1053 3786 τῶν
1083 3732 1194 3786 κακῶν
1220 3726 1326 3787 nidor
1353 3723 1447 3807 παρὰ

148 3818 156 3829 ’
265 3841 334 3895 τῶν
363 3831 529 3915 Σατύρων
557 3830 671 3910 λαβὼν
699 3826 755 3893 καὶ
786 3826 1018 3911 παραθέμενος
1045 3836 1090 3913 τῷ
1114 3825 1290 3911 Ἐπιμηθεῖ
1319 3829 1448 3910 παρήγ-

264 3942 354 4019 γειλε
376 3942 444 4001 κτλ.
492 3933 575 4001 (lum
602 3934 765 3999 Hesiodus
792 3933 872 3997 haec
898 3953 966 3997 non
993 3931 1123 4018 dixerit,
1150 3936 1224 3997 ante
1248 3932 1449 3997 vocabulum

356 4131 383 4199 1)
403 4127 443 4183 cf.
464 4124 612 4195 Cratylum
628 4144 656 4195 p.
675 4130 728 4179 406
743 4124 770 4179 d.
781 4140 804 4193 e,
823 4129 876 4177 407
887 4139 912 4177 a.

355 4220 382 4287 2)
400 4215 493 4284 Etym.
513 4214 651 4283 Magnum
668 4231 695 4282 p.
716 4218 759 4280 24,
773 4218 816 4280 43,
836 4210 1099 4279 Gudianump.12.

354 4308 388 4375 3),
400 4304 501 4372 Neque
520 4301 596 4356 enim
615 4299 729 4369 dubito,
752 4299 822 4367 quin
843 4301 987 4369 postrema
1003 4313 1061 4352 101
1077 4297 1181 4352 hausta
1198 4297 1255 4352 sint
1272 4313 1307 4352 ex
1325 4298 1451 4353 scholiis

265 4394 302 4448 ad
319 4378 431 4449 110οι
456 4393 523 4445 sunt
546 4388 634 4456 enim,
659 4403 732 4457 quae
755 4386 806 4441 illo
830 4386 892 4440 loco
915 4402 973 4440 non
995 4384 1186 4455 inveniantur,
1209 4388 1239 4440 01
1259 4384 1359 4440 statim
1379 4389 1454 4442 sunt

265 4482 305 4542 eis
324 4481 470 4549 adiuncta,
490 4494 564 4550 quae
583 4477 645 4532 sine
664 4475 751 4530 dubio
770 4492 786 4530 e
805 4474 920 4530 scholiis
938 4473 1086 4528 Hesiodeis
1103 4474 1248 4528 fluxerunt.
