3366 5168
305 317 369 382 140
499 316 651 374 Aristonici
669 317 734 388 περὶ
753 313 872 387 σημείων
890 324 940 372 τοῦ
955 313 1087 372 Ἡσιόδου
1105 316 1273 387 fragmenta.

301 481 453 566 apposuit
484 479 705 564 Aristarchus,
741 480 827 563 quod
864 502 921 544 cur
953 480 1064 545 fecerit
1096 479 1191 544 hodie
1223 479 1353 544 difficile
1384 478 1473 544 dictu

301 591 358 652 est.
410 584 462 651 Ad
493 608 561 650 rem
592 585 821 670 expediendam
853 587 888 651 in
920 586 1041 652 scholio
1075 584 1289 651 Choerebosei
1324 586 1473 650 videntur

302 692 457 778 quaedam
486 713 555 757 esse
577 692 755 758 Aristonici
785 698 912 759 servata
934 693 1059 780 pase,
1079 693 1135 780 18,
1158 693 1241 759 unde
1264 693 1380 777 petivit
1402 691 1474 758 Fla-

302 800 393 865 chius
415 798 493 863 haec
510 822 541 883 p.
555 799 634 864 439:
658 796 739 886 (ὅτι)
763 804 908 866 λείπεται
931 802 969 866 τὸ
994 799 1095 884 ἐστίν,
1114 803 1146 864 et
1165 797 1246 887 (ὅτι)
1266 801 1356 864 ἔστιν
1374 797 1473 883 ὑπέρ-

300 910 410 991 βαπου.
463 903 525 969 Sed
553 927 612 991 ego
640 927 743 990 neque
770 928 807 970 ea
830 907 868 971 de
892 929 986 972 eausa
1010 904 1196 971 crediderim
1219 907 1259 971 ab
1283 904 1473 970 Aristarcho

300 1013 428 1098 signum
456 1033 525 1077 esse
548 1012 746 1097 appositum,
770 1013 858 1099 quia,
880 1013 927 1078 ibi
951 1013 979 1078 si
1002 1013 1235 1099 annotavisset,
1258 1012 1288 1077 ei
1311 1012 1351 1077 ad
1373 1033 1473 1076 unum

300 1140 459 1203 quamque
481 1140 610 1183 versum
632 1122 724 1183 erant
746 1119 839 1204 signa
862 1120 1057 1203 annotanda,
1080 1141 1153 1184 cum
1174 1119 1210 1183 in
1233 1118 1384 1184 omnibus
1406 1140 1473 1183 non

298 1227 406 1295 minus
429 1225 541 1311 gravia
564 1224 724 1312 adessent3
747 1248 850 1310 neque
873 1226 931 1290 ubi
953 1224 1207 1310 ὑπέρβοτουοίλ
1230 1226 1265 1290 in
1285 1225 1348 1290 hoo
1368 1246 1473 1312 versu,

300 1332 463 1417 intellego.
520 1330 737 1397 Coniectaneis
759 1337 880 1409 ‚autem
911 1337 1052 1397 statuam
1083 1331 1146 1397 hoc
1176 1332 1248 1397 loco
1285 1330 1471 1397 Aristonico

299 1439 400 1505 fuisse
424 1438 643 1503 scribendum:
677 1451 829 1524 σημεῖον,
860 1439 910 1504 ὅτι
934 1438 969 1504 ἐκ
992 1443 1207 1524 παραλλήλου
1229 1440 1395 1524 φειδωλῆς
1418 1435 1472 1503 καὶ

299 1546 336 1615 τὸ
366 1546 448 1610 κατὰ
476 1543 597 1632 μέτρον
626 1547 742 1629 ἰούσης
770 1544 822 1632 (cf.
850 1545 958 1630 Etym.
983 1544 1089 1631 Magn.
1114 1569 1143 1630 p.
1165 1543 1331 1633 791‚15);
1353 1545 1473 1631 velsut

302 1650 399 1717 ultius
418 1651 572 1739 recedam,
591 1652 720 1738 signum
739 1652 810 1737 fuit,
829 1653 914 1736 quod
934 1653 1019 1737 apud
1031 1651 1210 1717 Homerum
1230 1674 1297 1716 non
1309 1650 1473 1716 invenitur

302 1757 494 1823 adiectivum
513 1760 671 1844 φειδωλή,
690 1759 820 1843 quodX
829 1759 895 1825 244
914 1762 963 1824 est
982 1759 1177 1825 substantivi
1197 1759 1231 1823 in
1248 1780 1317 1823 usu.
1350 1755 1473 1822 Iterum

300 1869 408 1931 autem
440 1869 536 1949 atque
569 1865 688 1930 iterum
716 1866 882 1951 cognoscis
910 1866 1007 1930 etiam
1035 1864 1221 1930 Aristonico
1251 1885 1316 1929 uno
1345 1885 1472 1948 quoque

300 1972 371 2036 loeo
399 1972 541 2037 rationes
569 1970 791 2038 Aristarcheas
819 1972 919 2037 fixisse
948 1971 1131 2037 coniectura
1153 1970 1364 2057 reperiendos.
1411 1968 1472 2035 Sed

300 2079 335 2142 in
362 2079 422 2142 hac
445 2099 479 2141 re
502 2078 656 2142 tutiorem
686 2079 781 2143 nobis
806 2079 998 2163 sequebatur
1025 2078 1199 2166 rationem,
1221 2079 1309 2163 quod
1334 2099 1401 2143 non
1424 2097 1472 2141 so-

300 2185 369 2248 lum
395 2205 460 2247 uno
489 2205 616 2267 quoque
644 2185 715 2248 loco
747 2189 834 2249 certo
862 2184 1006 2269 videbat,
1034 2184 1134 2269 quod
1167 2186 1296 2272 signum
1327 2184 1368 2249 ab
1401 2182 1472 2249 Ari·

302 2289 430 2354 starcho
459 2293 542 2353 esset
568 2290 726 2376 positum,
755 2291 809 2355 sed
837 2291 934 2355 etiam
961 2292 1099 2374 plurima
1127 2292 1246 2376 scripta
1268 2289 1472 2357 Aristarchea

301 2399 429 2480 praesto
459 2400 563 2481 erant,
590 2397 625 2461 in
653 2398 769 2481 quibus
798 2399 826 2463 si
853 2420 920 2462 non
943 2420 1018 2462 eam·
1034 2399 1137 2482 ipsam
1161 2403 1195 2464 at
1218 2398 1398 2464 simillimas
1420 2418 1470 2461 res

302 2506 504 2568 tractaverat.
520 2541 561 2549 -—
576 2504 628 2568 Ad
642 2528 670 2569 v.
683 2504 747 2570 734
765 2505 908 2591 positum
924 2505 1053 2591 signum
1067 2507 1247 2591 explicabat
1261 2505 1472 2589 Aristomene,

301 2614 338 2675 ut
365 2633 403 2674 ex
432 2609 553 2675 scholio
583 2609 799 2677 Ohoerobosei
827 2636 856 2696 p.
876 2611 990 2698 396‚4
1017 2612 1135 2698 elucet,
1163 2614 1225 2678 hoe
1247 2612 1355 2677 modo:
1393 2608 1471 2698 (ὅτι)

300 2721 446 2802 κυρίως
469 2713 530 2802 μὲν
552 2716 639 2800 λέγει
663 2728 701 2804 τῇ
727 2717 816 2806 ἑστίᾳ
839 2720 899 2803 οὐχ
924 2719 968 2796 ὡς
991 2725 1068 2804 θεᾷ·
1092 2727 1157 2783 νῦν
1180 2716 1217 2784 δὲ
1236 2716 1288 2784 ἐπὶ
1308 2728 1367 2784 τοῦ
1386 2719 1471 2803 πρώ-

300 2849 360 2890 του
387 2834 432 2910 τῷ
461 2823 497 2889 ἐν
526 2833 570 2912 τῷ
594 2831 673 2913 ολνιςο
698 2829 805 2913 βωμῷ.
829 2864 871 2871 —-
898 2824 999 2889 Porro
1023 2824 1099 2889 licet
1122 2825 1194 2889 aliis
1217 2826 1377 2890 similibus
1400 2822 1472 2888 Ari-

301 2931 418 2996 stonici
442 2932 721 2996 observationibus
745 2932 780 2995 in
803 2931 933 2995 scholiis
952 2930 992 2994 ad
1016 2931 1117 3017 Ψ29,
1135 2931 1240 3014 μ309,
1259 2930 1356 2995 δ647
1377 2930 1472 2994 nobis

300 3038 385 3102 nixis
415 3037 570 3120 suspicari
593 3037 634 3101 ad
655 3060 683 3102 v.
701 3036 764 3101 735
789 3058 916 3119 quoque
938 3036 1038 3099 fuisse
1062 3037 1191 3120 signum
1213 3034 1405 3117 Aristarchi,
1435 3039 1473 3099 ut

302 3142 524 3209 ostenderetur
546 3143 654 3226 τάφον
677 3142 712 3205 in
736 3163 831 3205 sensu
853 3142 1067 3227 περίδειπνον
1089 3145 1290 3228 usurpatum,
1311 3140 1401 3204 cuius
1424 3140 1472 3204 rei

302 3250 336 3313 in
356 3247 487 3312 scholiis
505 3246 626 3310 nostris
640 3247 766 3311 nullum
784 3247 903 3310 mansit
921 3246 1101 3332 vestigium.
1138 3246 1199 3312 Illa
1213 3247 1307 3334 enim,
1321 3270 1338 3312 e
1353 3246 1471 3331 quibus

300 3356 361 3419 hoc
383 3354 600 3437 fragmentum
624 3353 774 3417 attribuit
791 3351 975 3417 Aristonico
995 3352 1144 3420 Flaehius
1158 3377 1188 3438 p.
1203 3354 1278 3439 440,
1301 3358 1377 3419 sunt
1397 3375 1472 3418 vera

301 3458 481 3542 Procliana,
515 3480 531 3522 e
564 3459 682 3542 quibus
708 3459 792 3524 nihil
819 3460 858 3525 de
884 3460 1176 3525 Alexandrinorum
1203 3460 1470 3544 explicationibus

300 3569 387 3629 recte
414 3564 648 3651 concludimus3
678 3588 694 3630 e
721 3566 913 3632 Plutareheo
937 3567 1166 3632 commentario
1191 3590 1227 3632 ea
1250 3569 1379 3651 sumpta
1403 3587 1471 3652 esse

302 3671 439 3736 vidimus
467 3678 651 3756 comparato
679 3673 750 3739 loco
779 3674 878 3738 simili
904 3675 939 3738 in
966 3673 1076 3738 libello
1105 3673 1143 3738 de
1171 3695 1242 3738 sera
1267 3696 1355 3737 num.
1385 3672 1470 3736 vind.

302 3778 429 3863 pesas
439 3778 749 3869 (ed.Bern.111451).
760 3820 802 3828 -
812 3780 950 3846 Fallitur
963 3781 1047 3845 idem
1056 3778 1216 3867 itachius,
1231 3780 1286 3865 qui
1300 3780 1335 3844 in
1348 3778 1470 3844 scholio

303 3885 518 3952 Choerobosci
550 3911 581 3971 p.
602 3887 678 3974 400,
696 3888 738 3952 23
770 3887 955 3953 Aristonico
988 3887 1096 3952 omnia
1124 3886 1323 3973 attribuerit,
1350 3885 1470 3950 scilicet

301 3994 377 4077 quia
398 3993 539 4058 nominis
557 3993 756 4060 Aristarchei
776 3995 906 4078 eiusque
930 3994 1109 4058 atheteseos
1126 3993 1195 4058 illic
1213 3994 1248 4057 in
1265 3993 1328 4057 fine
1349 3991 1469 4056 mentio

301 4104 350 4165 est
381 4100 474 4164 facta.
528 4099 638 4164 Primo
671 4105 779 4164 autem
811 4104 942 4185 aspectu
969 4101 1151 4187 intelleges
1177 4123 1250 4165 cum
1278 4100 1470 4165 adnotentur

300 4253 513 4263 ..-...---——-

301 4345 398 4416 posuit
421 4348 518 4399 auctor
543 4343 627 4398 huius
651 4344 858 4400 dissertationis
881 4345 912 4401 in
931 4344 1320 4419 „Philologisch-historische
1338 4345 1470 4416 Beitr'agc

301 4436 346 4488 δῖοι
365 4433 432 4492 Curt
449 4433 654 4489 Waehsmuth“
671 4453 699 4505 p.
715 4439 766 4489 208
777 4451 836 4503 sqq.
