3342 5168
658 350 771 405 Scholia
789 350 888 407 Procli.
1314 351 1357 416 55

187 515 382 601 interpretis,
405 514 495 579 cuius
518 513 697 579 doctrinam
720 513 832 578 statim
854 514 946 598 sequi
968 517 1081 598 postea
1103 514 1291 580 videbimus.
1314 554 1356 562 -

187 620 239 687 Ad
252 644 281 686 r.
296 623 338 686 29
358 620 452 705 plura
465 620 596 686 fuerunt
608 619 715 685 Procli
730 641 827 704 quam
839 641 925 685 nune
938 620 1109 685 traduntur
1122 644 1152 706 p.
1167 621 1220 709 56,
1234 623 1356 687 8-12ε

187 733 312 814 partem
336 728 477 792 servavit
494 726 726 810 Moschopulus
744 748 774 810 p.
794 725 846 810 55,
861 725 980 809 3-17,
1004 747 1085 810 quae
1108 729 1176 792 eius
1199 749 1267 793 non
1288 750 1357 794 csse

188 836 299 900 statim
322 834 384 899 tibi
407 833 622 919 persuadebis,
645 833 674 898 si
694 832 789 897 modo
809 832 951 897 eiusdem
969 831 1173 920 Moschopuli
1191 834 1230 899 de
1248 834 1357 900 eadem

187 965 222 1007 re
249 964 288 1006 ex
316 941 380 1005 alio
408 940 499 1005 fonte
521 939 639 1004 hausta
661 961 691 1023 p.
710 939 763 1023 56,
784 939 915 1003 18-24
938 941 1180 1023 comparaveris.
1204 979 1246 988 —
1270 940 1357 1017 Quae

187 1049 227 1113 ad
253 1072 282 1113 v.
307 1049 350 1113 30
383 1051 459 1112 sunt
491 1046 664 1131 adscripta,
696 1067 734 1110 ea
765 1067 804 1109 ex
836 1049 928 1130 parte
959 1046 1040 1110 mihi
1067 1047 1212 1130 persuasi
1239 1047 1357 1111 iniuria

186 1154 300 1220 Proclo
330 1153 478 1218 attribui:
506 1153 614 1237 potuit
642 1152 697 1217 ille
724 1173 800 1216 sane
822 1156 907 1216 recte
931 1152 1118 1238 intellegere
1139 1174 1250 1217 rocem
1273 1156 1356 1240 ὥρης

187 1261 225 1326 de
260 1262 320 1327 hao
356 1283 391 1325 re
430 1260 533 1324 multa
570 1259 733 1344 disputare
770 1259 838 1323 eius
873 1281 940 1324 non
977 1262 1034 1324 est.
1087 1258 1233 1345 Accedit,
1270 1260 1356 1343 quod

187 1369 327 1452 pertinet
354 1367 432 1431 haec
459 1366 605 1431 doctrina
631 1365 671 1429 ad
698 1364 947 1448 Alexandrinos,
976 1366 1167 1450 quibuscum
1192 1364 1277 1430 nihil
1302 1387 1357 1430 ne-

186 1474 345 1539 cessitatis
378 1476 429 1538 est
454 1472 583 1556 Proclo,
615 1475 652 1537 ut
684 1494 743 1537 555
775 1471 846 1538 1555
879 1472 941 1537 erit
974 1472 1214 1537 ostendendum.
1238 1510 1280 1519 —
1303 1470 1356 1536 Ad

185 1603 214 1645 v.
233 1581 276 1644 32
300 1583 462 1644 servatum
485 1583 534 1644 est
556 1578 662 1645 Procli
686 1578 845 1643 scholium
866 1603 896 1663 p.
916 1578 973 1662 58,
992 1579 1110 1643 3-10.
1156 1576 1219 1644 Sed
1246 1580 1282 1643 in
1304 1601 1355 1644 ex·

186 1685 333 1772 plicando
358 1683 482 1750 Cereris
505 1685 634 1749 nomine
657 1688 724 1749 tam
747 1706 878 1768 parcum
901 1706 974 1749 eum
996 1685 1106 1769 tuisse,
1128 1685 1196 1750 veri
1218 1690 1355 1750 nonest

187 1793 300 1858 simile.
341 1793 386 1856 Et
407 1791 516 1876 habet,
539 1791 595 1875 qui
618 1812 743 1876 semper
766 1813 839 1855 eum
862 1792 1039 1877 exscripsit,
1062 1790 1178 1856 Taetza
1199 1791 1261 1857 hoc
1283 1793 1354 1857 loco

185 1899 332 1985 plurima,
355 1920 437 1983 quae
459 1898 567 1964 omnia
588 1896 703 1962 Proclo
726 1919 800 1962 eum
822 1897 936 1962 debere
958 1902 1067 1962 monet
1090 1898 1162 1983 ipsa
1183 1898 1354 1982 explicatio

184 2006 338 2089 nominis,
367 2027 462 2089 quam
490 2026 507 2068 5
534 2003 641 2068 Procli
670 2002 801 2068 scholiis
828 2003 926 2067 tacite
955 2004 1130 2088 sumpsisse
1158 2026 1230 2069 eum
1257 2004 1355 2069 etiam

181 2134 269 2187 nunc
292 2112 510 2176 demonstrare
530 2111 615 2176 licet.
653 2108 807 2175 Oonferas
825 2133 855 2195 p.
874 2110 928 2193 58,
942 2110 984 2174 25
1003 2115 1036 2174 55
1054 2109 1108 2197 59,
1122 2111 1173 2175 22.
1193 2148 1234 2157 -
1253 2110 1355 2176 Porro

185 2220 275 2285 adest
302 2218 435 2283 Proclus
464 2216 503 2282 ad
526 2239 554 2281 v.
574 2216 631 2300 33,
649 2217 671 2280 4
698 2240 727 2301 p.
747 2215 804 2301 60,
819 2217 964 2300 28-61,
977 2216 1013 2301 5,
1027 2217 1172 2304 22-26,
1200 2217 1241 2281 ad
1263 2240 1291 2281 v.
1312 2217 1354 2282 35

184 2350 214 2411 p.
234 2326 285 2411 62,
299 2325 424 2410 9-12,
452 2324 492 2389 ad
519 2345 547 2387 v.
567 2324 609 2387 37
634 2323 844 2408 1516-24,
872 2323 912 2387 ad
938 2346 967 2387 v.
987 2323 1029 2387 39
1052 2346 1082 2408 p.
1102 2322 1155 2407 63,
1169 2324 1292 2410 6-12;
1315 2324 1355 2388 ad

183 2455 212 2497 r.
231 2433 276 2496 40
297 2432 341 2496 ib.
362 2430 501 2496 19-28.
524 2468 561 2477 -
582 2427 634 2494 Ad
656 2452 684 2493 v.
703 2429 745 2493 41
770 2430 923 2515 exiguum
946 2432 1053 2494 exstat
1076 2429 1235 2495 scholium
1252 2453 1282 2515 p.
1302 2431 1355 2516 64,

187 2538 330 2623 11-15,
358 2537 445 2622 quod
471 2537 518 2600 ita
542 2536 703 2622 significat
726 2535 841 2600 Tzetza
863 2559 893 2620 p.
913 2535 965 2622 65,
985 2537 1018 2600 8:
1041 2536 1142 2602 πάλιν
1165 2533 1195 2599 δ’
1223 2534 1240 2601 ὁ
1264 2538 1354 2622 Πρό-

183 2650 263 2721 κλος
290 2643 525 2721 {tuscaniae
549 2644 706 2725 λόγους·
733 2641 865 2707 &stov
888 2642 1094 2707 διδάσκειν
1121 2650 1188 2726 τῆς
1211 2640 1354 2726 ἀλίμου

184 2754 258 2817 τὸν
275 2752 430 2836 τρόπον.
467 2749 553 2812 Eum
570 2748 673 2834 igitur
691 2748 770 2812 dicit
782 2748 921 2812 multum
934 2749 1035 2813 fuisse
1048 2748 1084 2813 in
1097 2748 1353 2833 demonstrando,

185 2879 267 2942 quae
290 2859 373 2921 esset
395 2854 521 2920 utilitas
545 2854 719 2939 asphodeli.
765 2853 835 2931 Qua
858 2854 896 2918 de
918 2876 953 2918 re
975 2875 1035 2918 nos
1062 2875 1189 2939 quoquc
1215 2853 1353 2938 legimus

148 3025 153 3032 .
185 2963 352 3048 scholium,
371 2962 427 3027 sed
444 2960 525 3025 illud
542 2961 660 3026 veteris
678 2961 864 3045 interpretis
882 2959 925 3048 (p.
941 2958 1008 3048 64).
1044 2960 1158 3044 Itaque
1176 2959 1352 3024 arbitratus

184 3074 233 3136 est
256 3069 419 3135 Usenerus
444 3066 477 3156 (l.
496 3067 565 3152 lp.
585 3064 665 3154 590)
685 3067 832 3144 Tzetzam
855 3089 914 3131 suo
937 3089 1027 3132 more
1049 3088 1116 3132 non
1138 3066 1217 3131 satis
1241 3065 1353 3130 diiudi-

184 3199 255 3243 care
283 3175 413 3242 scbolia.
459 3172 505 3239 At
531 3173 615 3238 nihil
641 3174 790 3259 impedit,
818 3175 989 3258 quominus
1018 3174 1160 3238 dicamus
1184 3172 1222 3237 de
1245 3172 1353 3237 eadem

183 3307 218 3349 re
244 3285 351 3368 ipsum
377 3281 528 3347 Proclum
555 3279 659 3346 multa
685 3281 921 3364 conscripsisse.
967 3278 1057 3344 Licet
1085 3280 1170 3344 enim
1197 3279 1353 3363 suspicari

183 3392 248 3455 iam
269 3388 478 3455 Plutarchum
502 3391 727 3473 argumentum
748 3386 830 3451 illud
850 3386 988 3451 novisse.
996 3383 1021 3473 1)

272 3495 342 3560 lam
366 3495 633 3579 supradiximus,
656 3494 708 3558 cui
731 3493 846 3559 debeat
869 3493 977 3558 omnia
999 3514 1057 3557 sua
1079 3493 1193 3557 Tzetza
1216 3492 1253 3557 de
1276 3492 1353 3576 Epi-

184 3624 353 3668 cureorum
375 3601 556 3666 sententiis:
578 3601 689 3684 itaque
710 3621 791 3684 quae
809 3623 838 3684 p.
858 3600 910 3684 66,
925 3599 1035 3664 6-14
1053 3600 1259 3665 continentur
1277 3598 1350 3663 Pro·

184 3708 301 3792 aliana,
328 3707 374 3772 eis
400 3706 541 3771 addenda
564 3710 639 3771 sunt
663 3727 880 3791 quaecumque
905 3704 1020 3771 Tzetza
1042 3705 1140 3770 habet
1161 3727 1192 3787 p.
1211 3705 1351 3769 67-70.

184 3814 272 3892 Quae
299 3817 406 3878 autem
428 3819 541 3898 postea
563 3812 678 3878 Tzatza
699 3813 925 3878 molestissime
948 3813 983 3875 in
1005 3811 1136 3875 eandem
1159 3812 1352 3875 sententiam
1458 3840 1461 3847 ·

182 3922 310 4007 repetit,
333 3943 369 3985 ea
391 3942 457 3986 non
480 3923 557 3985 sunt
573 3919 754 3984 necessario
772 3917 888 3981 Proclo
907 3915 1124 3980 attribuenda:
1147 3914 1352 3987 Taetzianum

183 4034 245 4108 555,
278 4049 360 4112 quae
392 4049 486 4090 suum
516 4027 552 4090 in
578 4047 673 4089 usum
700 4022 798 4089 semel
825 4022 997 4108 convertit,
1026 4022 1144 4086 iterum
1171 4021 1352 4106 iterumque

182 4135 355 4201 venditare.
382 4170 419 4179 —
444 4131 478 4197 P.
500 4128 891 4215 71,9-15,24-72,5
920 4129 1003 4215 legis
1030 4128 1153 4195 scholia
1178 4126 1285 4192 Procli
1312 4128 1352 4193 ed

182 4265 211 4307 r.
235 4241 291 4326 43,
314 4239 372 4326 45,
404 4261 485 4324 quae
516 4237 593 4302 licet
625 4257 741 4322 augere
773 4258 812 4300 ex
845 4235 960 4300 Taetza
992 4234 1137 4319 exemplo
1166 4235 1350 4300 Herodoteo

182 4385 396 4396 ——...-....--

274 4472 300 4540 1)
319 4468 358 4525 Of.
379 4468 455 4539 Sept.
475 4485 534 4538 sap.
554 4484 632 4523 conv.
651 4484 678 4536 p.
695 4471 780 4535 157e3
798 4465 840 4519 De
858 4464 931 4520 facie
949 4464 980 4519 in
999 4464 1057 4521 orb.
1076 4463 1095 4519 l.
1113 4482 1140 4533 p.
1157 4468 1237 4521 9405.
