3342 5168
537 369 579 424 De
597 368 689 424 Procli
707 368 817 424 ratione
834 369 1046 440 interpretandi.
1331 374 1374 438 23

207 533 353 615 μογήσας
389 543 459 609 τοῖς
495 535 629 617 χρόνοις
669 535 764 616 μόγις
799 532 860 615 τὴν
901 532 1021 617 άρετην
1060 532 1238 600 ἐπικτᾶται.
1288 534 1376 612 Quae

206 638 345 703 fortasse
371 638 406 702 in
432 638 618 704 universum
640 642 673 703 et
695 639 733 703 de
756 660 815 703 suo
839 662 858 703 a
881 639 995 704 Tzetze
1018 640 1103 705 dicte
1126 645 1216 726 eunt,
1242 642 1278 706 in
1299 641 1375 708 Pro-

206 743 292 808 olum
323 748 408 809 certe
438 746 529 810 nullo
556 747 652 811 modo
680 746 851 831 quadrant:
884 747 996 831 quidni
1026 748 1218 832 accipiamus
1246 748 1285 812 de
1311 749 1374 813 elio

207 851 355 937 quodem,
377 852 433 935 qui
456 852 525 917 eine
548 852 657 938 dubio,
678 856 716 916 ut
738 856 851 937 postea
875 853 1021 939 elucebit,
1043 852 1193 936 Dionysii
1219 858 1251 919 et
1274 855 1375 920 Theo·

205 957 289 1022 dosii
310 957 404 1022 libris
427 980 521 1042 saepe
543 959 704 1024 utebatur.

294 1061 357 1129 Sed
379 1063 488 1130 redeat
511 1065 616 1130 oratio
639 1066 679 1130 ed
697 1065 855 1130 Proclum.
892 1065 954 1142 Qui
975 1089 1040 1150 quo
1058 1067 1192 1131 consilio
1212 1066 1252 1131 ed
1271 1065 1375 1151 Opera

204 1171 444 1255 interpretenda
471 1173 653 1258 accesserit,
682 1173 750 1256 ipse
777 1173 812 1237 in
839 1173 1075 1260 prolegomenis
1102 1173 1228 1257 eperuit
1256 1171 1300 1259 (p.
1326 1170 1374 1259 1):

204 1280 244 1343 τά
268 1274 305 1343 δέ
315 1276 419 1364 Ἔργα
441 1276 496 1343 καὶ
517 1280 576 1355 τάς
589 1276 732 1363 Ἡμέρας
750 1276 807 1366 (sc.
822 1277 978 1357 Ἡσίοδος
996 1283 1177 1346 σννθεῖναί
1192 1303 1248 1364 μοι
1268 1278 1373 1367 δοκεῖ)

204 1387 252 1462 είς
275 1387 469 1469 οἰκονομίαν
491 1383 546 1450 καὶ
569 1384 765 1470 ἀπράγμονα
790 1386 875 1469 ζωὴν
893 1392 1129 1471 παρακαλῶν
1146 1389 1224 1462 τοὺς
1242 1385 1375 1471 ἀνθρώ-

203 1513 287 1568 πους
309 1477 378 1556 άπὸ
406 1500 463 1575 τῆς
490 1478 651 1575 άγοραίου
679 1489 734 1556 καὶ
758 1501 931 1577 φορτικῆς,
960 1492 1020 1576 οὐχ
1044 1492 1156 1568 ἁπλῶς
1178 1495 1225 1570 είς
1247 1492 1374 1576 ἡδονὴν

204 1590 410 1681 ἀποβλέπων
437 1608 505 1662 τῶν
542 1597 799 1681 ἐντευξομένων,
837 1598 920 1664 ἀλλὰ
956 1599 1080 1681 ταύτην
1116 1595 1177 1682 μέν
1208 1599 1375 1684 πάρεργον

204 1701 356 1787 θέμενος,
378 1703 440 1784 τὴν
463 1699 500 1766 δὲ
523 1700 717 1786 ὠφέλειαν
735 1703 805 1784 τὴν
824 1707 880 1780 είς
897 1705 939 1769 τὸ
957 1699 1056 1787 ἦθος
1073 1705 1374 1788 προηγούμενον

204 1810 351 1875 σκοπὸν
374 1808 654 1892 ποιησάμενος,
680 1810 736 1873 ἵνα
757 1812 816 1875 τὸν
835 1810 924 1874 ῖδιον
942 1814 1018 1894 βίον
1041 1812 1264 1895 κοσμήσαντες
1287 1811 1373 1875 ούτω

203 1913 258 1982 καὶ
286 1924 343 1998 τῆς
369 1912 445 1996 περὶ
472 1916 510 1979 τὸ
538 1920 636 1979 θεῖον
659 1915 811 1996 γνώσεως
835 1915 990 1998 ἐπήβολοι
1014 1917 1196 2000 γενώμεθα.
1243 1913 1373 1981 διὸκαὶ

203 2020 276 2087 ἀπὸ
295 2022 438 2086 τούτου
456 2020 644 2105 προσήκει
663 2029 732 2085 τού
751 2021 1053 2106 συγγράμματος
1071 2023 1276 2107 ἄρχεσθαι·
1295 2025 1374 2099 τοὺς

200 2129 265 2213 γὰρ
284 2129 321 2193 τό
339 2121 426 2210 ἦθος
443 2125 650 2210 όκοσμητους
663 2128 723 2192 τὸν
735 2129 861 2211 κόσμον
875 2138 1000 2209 γνῶναι
1014 2134 1184 2205 παντελῶς
1197 2128 1372 2194 άδύνατον.

203 2233 221 2300 ὁ
244 2230 315 2317 μὲν
333 2228 404 2298 ούν
423 2234 567 2310 σκοπὸς
584 2243 653 2299 τοῦ
672 2236 832 2317 βιβλίου
850 2234 1116 2312 παιδευτικός·
1140 2237 1178 2301 τὸ
1197 2231 1234 2299 δὲ
1252 2234 1373 2320 μέτρον

202 2341 311 2425 ὥσπερ
342 2339 473 2424 ἥδυσμά
500 2363 532 2404 τι
555 2348 601 2428 τῷ
624 2342 736 2427 σκόπφ
758 2347 817 2422 τῆς
844 2337 1018 2425 ἑρμηνείας
1046 2339 1265 2425 ἐπιβέβληται.
1310 2339 1373 2417 Qui

203 2446 242 2511 ad
259 2445 438 2511 Hesiodum
459 2445 521 2510 hoc
544 2445 652 2510 animo
675 2445 764 2530 adiit,
785 2445 870 2510 nihil
892 2450 1036 2529 spectare
1056 2448 1174 2533 potuit,
1196 2447 1259 2511 nisi
1277 2450 1314 2511 ut
1333 2470 1372 2512 ex

202 2552 342 2618 carmine
377 2555 558 2637 quaereret,
594 2573 676 2634 quae
711 2551 910 2635 pertinerent
942 2552 983 2616 ad
1014 2552 1227 2618 emendandos
1258 2575 1371 2618 mores,

202 2658 302 2725 Cuius
330 2659 378 2723 rei
406 2658 551 2741 exempla
578 2662 653 2722 sunt
679 2657 827 2741 plurima.
872 2657 1007 2723 Interim
1034 2681 1135 2741 pauca
1162 2659 1241 2723 eatis
1268 2659 1371 2724 habeo

203 2765 392 2850 significare.
428 2761 541 2827 Veluti
558 2762 716 2829 scholium
734 2763 774 2826 ed
794 2785 820 2826 v.
837 2762 900 2826 106
915 2762 959 2850 (p.
976 2763 1067 2852 106):
1086 2766 1123 2830 τὸ
1142 2762 1372 2848 ἐκκορυφῶσαι

202 2872 301 2955 δηλοῖ
325 2873 363 2937 τὸ
391 2869 601 2948 ἀποκαλύψαι
628 2868 683 2934 καὶ
711 2871 758 2946 είς
786 2871 892 2953 άκραν
919 2881 1045 2952 γνῶσιν
1071 2868 1156 2954 ἡμᾶς
1183 2869 1372 2955 ἀναπέμψαι

201 2987 261 3062 τῆς
292 2977 508 3061 ἀνθρωπίνης
539 2977 678 3060 φύσεως.
725 2976 824 3059 δηλοῖ
854 2972 890 3040 δὲ
919 2977 957 3041 τὸ
985 2974 1197 3061 ἐπαγόμενον.
1243 2978 1280 3041 τὸ
1308 2979 1371 3062 γὰρ

202 3084 259 3161 ’ὡς
282 3084 409 3168 ὁμόθεν
427 3083 563 3166 γεγάασι
583 3080 658 3148 θεολ
677 3086 801 3165 θνητοί
818 3080 847 3147 τ’
868 3082 1060 3167 άνθρωποι’
1079 3094 1372 3168 προτρεπτικῶς

201 3187 271 3274 μὲν
299 3197 452 3276 είρηται
475 3192 531 3265 είς
554 3189 705 3274 ἀρετήν.
750 3187 812 3253 Vel
835 3189 874 3253 ad
897 3212 925 3253 v.
945 3190 1009 3255 286
1034 3188 1078 3276 (p.
1100 3186 1191 3276 196):
1214 3190 1371 3256 κάλλιστα

200 3298 243 3361 τὸ
267 3297 491 3379 φιλόσοφον
513 3289 612 3377 ἦθος
635 3286 708 3359 οἷόν
732 3292 822 3359 ἐστιν
845 3297 951 3360 εἰπεῖν
974 3295 1030 3359 διὰ
1052 3296 1180 3360 τούτων
1204 3296 1221 3361 ὁ
1241 3297 1371 3361 Πλούτ-

201 3403 301 3487 αρχός
333 3398 467 3488 (φησιν)
501 3401 696 3484 δηλοῦσθαι.
741 3401 801 3466 τὸν
832 3397 894 3484 μέν
922 3402 985 3486 γάρ
1009 3399 1203 3486 Ἀρχίλοχον
1229 3400 1284 3467 καλ
1312 3405 1372 3467 τὸν

197 3505 401 3573 Ἱππώνακτα
428 3510 639 3591 βλασφημίας
668 3508 858 3591 συγγράψαι
885 3508 967 3572 κατά
988 3496 1061 3572 ’τῶν
1084 3507 1304 3591 λυπησάντων
1318 3557 1325 3571 .
1340 3555 1370 3571 ..

201 3613 285 3679 άλλδι
316 3616 376 3678 τὸν
408 3615 513 3691 όντως
544 3615 705 3698 μουσικόν
728 3611 886 3679 Ἡσίοδον
918 3609 1023 3697 μηδὲν
1049 3622 1205 3679 τοιοῦτον
1231 3620 1370 3680 παθεῖν·

201 3719 242 3783 ού
265 3719 327 3801 γάρ
351 3729 512 3801 μουσικοῦ
533 3722 571 3786 τὸ
590 3726 808 3804 μελαγχολῶν·
833 3718 1025 3803 λυπηθέντα
1044 3716 1081 3785 δὲ
1098 3722 1182 3805 πρὸς
1199 3721 1258 3785 τὸν
1276 3720 1371 3787 άδελ-

201 3828 279 3908 φόν,
302 3822 376 3889 άντλ
394 3834 455 3889 τοῦ
474 3828 692 3910 βλασφημεῖν,
714 3833 940 3907 νουθετεῖν,
964 3826 1097 3890 εἰδότα
1120 3834 1236 3891 τοῦτο
1259 3826 1305 3907 δὴ
1328 3828 1370 3891 τὸ

201 3939 270 3996 τοῦ
293 3930 541 4015 Σωκράτους,
568 3933 619 3997 ότι
646 3942 709 4009 πῶς
736 3932 754 3999 ὁ
782 3932 881 4007 κακὸς
908 3932 999 3995 όίκων
1026 3928 1094 3995 ἐστὶ
1121 3933 1234 4008 κακός
1265 3932 1370 3997 δεῖται

201 4032 264 4104 οὖν
286 4041 467 4114 νουθεσίας
489 4035 543 4103 καὶ
567 4043 647 4115 ῖσως
669 4038 885 4120 ἐπιγνώσεται
909 4034 1028 4102 ἑαυτὸν
1051 4038 1132 4103 όντα
1153 4039 1265 4102 κακόν.
1309 4036 1370 4101 His

201 4144 292 4227 adde,
321 4164 402 4227 quae
430 4147 505 4207 sunt
534 4143 574 4207 ad
596 4166 624 4208 v.
645 4143 708 4207 709
732 4142 775 4230 (p.
796 4141 890 4231 384):
917 4152 1033 4209 τοῦτο
1061 4146 1266 4226 κινητικόν
1289 4142 1369 4209 ἐστι

200 4259 270 4316 τοῦ
293 4249 509 4334 άμυντικοῦ
533 4259 599 4333 τῆς
620 4258 757 4334 ψυχῆς·
782 4251 854 4316 δεῖν
876 4252 940 4335 γὰρ
963 4255 1030 4315 κτλ.
1067 4248 1182 4314 Omnia
1199 4249 1371 4333 proverbia

200 4356 256 4421 ille
279 4379 338 4441 pro
361 4358 539 4441 praeceptis
561 4355 742 4421 ethicorum
763 4355 891 4441 hebnit3
918 4356 990 4421 vide
1013 4356 1053 4421 ed
1075 4379 1103 4420 v.
1124 4357 1187 4420 727
1212 4353 1256 4442 (p.
1276 4354 1369 4444 393):

202 4463 257 4527 διά
293 4465 420 4529 τούτων
456 4467 505 4541 είς
541 4463 791 4549 εὐσχημοσύνην
826 4464 1007 4529 παιδεύει
1043 4460 1098 4528 καὶ
1134 4464 1174 4527 τὰ
1208 4461 1370 4545 άναγκαῖα
