3390 5178
446 358 488 412 De
507 357 628 427 Operum
646 355 773 410 versibus
792 356 829 410 ab
849 355 973 424 antiquis
991 355 1126 411 laudatis.
1310 356 1374 419 171

203 523 348 587 Eandem
363 522 404 585 ob
420 544 549 586 causam
565 524 661 604 atque
675 542 694 583 a
707 519 840 583 librario
856 519 974 584 codicis
984 519 1013 584 D
1025 524 1094 584 arte
1104 521 1215 585 critica
1224 520 1379 586 advocata

203 629 357 694 librarius
381 627 531 713 Origenis
552 625 586 714 (l.
605 624 651 714 l),
670 626 805 691 coniecit
824 626 1056 710 διδασκέμεναι
1077 627 1243 710 aliquanto
1262 627 1377 692 melius

205 734 525 801 00111442Λ382.
571 734 648 798 Hoc
664 734 766 820 igitur
788 733 860 798 loco
879 733 1013 821 fallitur,
1037 735 1093 818 qui
1110 734 1215 818 primo
1235 738 1379 818 aspectui

205 843 345 908 confisus
369 842 589 907 diversitatem
612 840 761 905 lectionis
784 841 894 905 adesse
912 841 999 906 dicit.
1018 880 1062 889 —
1080 841 1219 906 Versum
1233 839 1276 904 65
1295 863 1378 906 unus

204 950 314 1014 laudat
338 948 493 1035 Origenes
522 945 624 1036 (1.1).
657 986 701 994 —
733 945 772 1012 In
801 970 896 1013 versu
920 948 962 1011 66
991 949 1145 1013 exhibent
1173 948 1204 1011 D
1227 951 1259 1012 et
1282 947 1377 1013 Mess.

205 1058 406 1141 μελεδῶνας,
438 1057 524 1140 quod
547 1055 689 1119 affirmat
712 1053 868 1139 Origenes
887 1054 907 1119 l.
926 1056 961 1139 1.,
988 1059 1101 1120 eontra
1128 1053 1153 1119 O
1182 1055 1380 1141 μελεδώνας,

206 1163 353 1247 quodne
376 1163 483 1247 ipsum
507 1163 635 1248 quidem
658 1183 741 1247 nego
765 1184 860 1246 posse
883 1162 1022 1247 defendi,
1047 1162 1173 1228 collatis
1196 1163 1378 1247 fragmento

206 1269 355 1353 Sapphus
384 1270 470 1354 apud
496 1269 716 1334 Herodianum
742 1268 818 1355 περὶ
842 1294 914 1355 μον.
938 1269 1000 1349 λέξ.
1023 1270 1123 1354 p.23.
1146 1270 1196 1356 13,
1219 1269 1377 1334 Theocrit.

204 1376 292 1461 XXI,
310 1376 341 1463 6,
362 1375 525 1460 Hesychio
558 1399 581 1441 s.
604 1400 647 1462 v.;
679 1399 807 1442 rursum
838 1377 947 1461 hymn.
975 1376 1104 1441 Homer.
1123 1376 1174 1441 ΠΙ
1192 1377 1256 1440 441
1287 1382 1379 1462 μελε-

206 1482 277 1549 dale
298 1482 456 1572 legitur‚1)
480 1484 686 1568 quodetiam
712 1482 955 1549 Ohoerohoscus
979 1484 1119 1548 defendit
1143 1482 1196 1572 (cf.
1221 1483 1380 1549 scholium

206 1614 236 1675 p.
252 1591 372 1678 88,19,
395 1591 481 1675 quod
501 1590 725 1656 Choerohosco
744 1591 976 1656 vindicavimus
997 1614 1094 1675 supra
1112 1615 1141 1676 p.
1156 1591 1198 1655 57
1214 1588 1268 1679 (cs.
1283 1613 1380 1674 supra

206 1721 235 1781 p.
256 1698 319 1777 81).
374 1697 447 1783 Ego
479 1720 555 1763 vero
587 1698 622 1762 in
652 1697 713 1762 hac
744 1721 779 1762 re
810 1697 907 1762 dubia
934 1698 1137 1763 diiudicanda
1163 1698 1279 1763 faciam
1307 1720 1379 1763 eum

207 1804 294 1870 codd.
318 1803 348 1869 D
372 1808 404 1869 et
423 1804 529 1890 Mess,
552 1803 698 1890 Origene,
722 1803 954 1870 Ohoeroboseo.

295 1911 434 1976 Versum
444 1912 485 1976 67
500 1912 633 1976 laudant
643 1910 797 1997 Origenes
818 1909 851 1998 (l
862 1909 896 1997 l.)
916 1915 949 1976 et
968 1909 1135 1998 Stobaeus,
1158 1914 1213 1997 qui
1227 1914 1261 1977 in
1276 1913 1380 1997 capite

206 2023 312 2109 ψόγος,
330 2030 499 2101 γυναικῶν
516 2016 653 2084 LXXIII
671 2018 715 2083 50
730 2017 794 2105 (ΠΙ
812 2019 976 2105 44Mein.)
995 2042 1070 2084 suas
1088 2024 1221 2104 propter
1239 2020 1379 2084 rationes

206 2148 273 2190 non
305 2126 385 2190 satis
418 2129 491 2210 apte
523 2125 720 2190 consociavit
751 2126 837 2190 hunc
868 2148 997 2191 versum
1028 2148 1101 2191 oum
1128 2150 1155 2192 v.
1177 2127 1217 2190 77
1229 2149 1290 2212 sq.3
1316 2127 1380 2191 nisi

207 2233 377 2298 credideris
405 2233 561 2298 excidisse
588 2233 707 2298 lemma
733 2242 794 2298 τοῦ
820 2233 937 2319 adrem
968 2256 1080 2298 versus
1110 2234 1152 2297 68
1176 2238 1208 2298 61
1231 2234 1274 2299 69
1297 2255 1381 2297 unus

209 2339 372 2425 Origenes.
391 2339 499 2405 —At
522 2363 633 2405 versus
654 2340 785 2404 70-72
808 2341 939 2405 omnino
962 2341 1079 2405 desunt
1102 2341 1186 2425 apud
1209 2340 1386 2426 Origenem¹

209 2444 244 2532 (l.
262 2444 309 2530 1.),
330 2469 434 2530 neque
456 2447 623 2512 Plutarchi
647 2448 685 2510 de
708 2447 871 2511 levissima
894 2469 1006 2511 versus
1031 2447 1072 2509 76
1095 2470 1130 2511 re
1148 2448 1260 2511 diserti
1278 2446 1381 2510 ullum

210 2552 344 2617 verbum
364 2553 454 2617 audis
474 2554 509 2617 in
527 2553 634 2617 Procli
658 2553 788 2617 scholiis
808 2553 845 2618 de
865 2576 990 2617 summa
1008 2553 1064 2617 illa
1083 2553 1283 2638 difficultate,
1301 2574 1381 2635 quae

209 2660 294 2723 inest
312 2659 348 2723 in
366 2682 393 2723 v.
415 2660 464 2723 12.
511 2658 636 2735 Quibus
656 2659 803 2744 adducor,
826 2664 863 2723 ut
881 2661 917 2723 in
940 2681 977 2723 eo
995 2660 1091 2744 libro,
1115 2681 1210 2743 quem
1232 2659 1381 2723 manibus

210 2766 362 2831 tenebant
386 2765 540 2851 Origenes
564 2770 596 2830 et
611 2766 815 2851 Plutarchus,
837 2766 898 2830 hos
921 2770 987 2831 tres
1010 2789 1122 2831 versus
1140 2787 1255 2851 negem
1273 2766 1381 2830 fuisse.

210 2872 272 2949 Qui
295 2896 359 2958 quo
383 2874 517 2938 oonsilio
541 2874 576 2937 in
599 2873 671 2937 aliis
694 2873 787 2937 libris
810 2873 940 2960 fuerint,
962 2873 1026 2938 alio
1049 2874 1121 2938 loco
1145 2873 1206 2937 erit
1225 2893 1382 2957 exponen-

212 2981 300 3066 dum,
322 2980 377 3046 1116
399 2981 519 3045 sufficit
542 2981 690 3045 lectionis
713 2980 902 3045 varietatem
925 2985 1074 3044 statuere.

299 3087 421 3153 Versus
442 3088 483 3151 73
507 3092 540 3152 et
560 3088 602 3151 74
625 3088 735 3152 laudat
759 3086 913 3172 Origenes
942 3087 1145 3152 consentiens
1174 3108 1246 3151 oum
1270 3085 1383 3150 codici-

209 3196 271 3260 bus
294 3195 462 3261 Hesiodeis
489 3195 541 3260 vel
567 3195 603 3258 in
629 3194 686 3260 illo
716 3195 840 3281 ὅρμους
867 3199 1041 3281 χρυσείους
1067 3197 1191 3260 ddecus
1214 3197 1303 3279 χροΐ,
1325 3193 1383 3257 ubi

83 3368 87 3373 ,
212 3303 298 3385 quod
320 3303 354 3365 in
377 3300 403 3366 0
427 3305 501 3366 ante
524 3306 603 3388 χροΐ
622 3303 779 3386 scriptum
802 3305 871 3367 erat
893 3302 1085 3367 vocabulum
1108 3306 1221 3387 postea
1248 3324 1384 3387 erasum,

211 3409 302 3472 euius
335 3409 381 3472 rei
407 3430 494 3473 nunc
525 3412 633 3473 manet
661 3409 834 3494 vestigium
859 3408 962 3496 11111,
994 3409 1078 3473 nihil
1112 3412 1162 3474 est
1194 3409 1258 3474 nisi
1290 3412 1383 3474 vetus

212 3515 395 3579 coniectura
413 3514 454 3578 ab
473 3515 544 3597 ipso
563 3515 696 3579 librario
712 3518 823 3579 statim
841 3520 927 3580 recte
946 3516 1079 3603 abiecta,
1097 3515 1168 3602 χερὶ
1187 3517 1310 3581 scilicet
1330 3513 1343 3603 (
1361 3516 1382 3580 1.

211 3619 375 3684 Wieseler.
400 3621 522 3685 observ.
546 3622 580 3684 in
603 3620 678 3686 Hes.
697 3621 816 3706 Theog.
835 3645 865 3706 p.
886 3621 942 3710 11)
971 3623 1022 3687 vel
1048 3621 1124 3706 περὶ
1152 3621 1283 3710 (Rzach.
1308 3627 1381 3686 sert.

212 3725 335 3790 Hartel.
358 3751 388 3811 p.
408 3725 473 3813 37).
503 3765 545 3773 -
573 3726 612 3792 ln
639 3750 733 3792 versu
758 3727 800 3791 75
828 3727 976 3813 Origenis
1004 3728 1156 3791 librarius
1179 3729 1384 3814 neglegentia

212 3855 271 3917 pro
294 3838 486 3917 καλλίκομοι
511 3836 654 3899 exaravit
678 3837 949 3919 καλλιπλόκαμοι,
974 3834 1060 3917 quod
1084 3855 1196 3898 versus
1223 3856 1290 3899 non
1307 3834 1384 3898 reoi-

212 3940 269 4023 pit.
295 3977 336 3986 -
360 3938 499 4005 Versum
526 3941 567 4004 16
595 3963 678 4005 unus
706 3940 860 4026 Origenes
888 3940 1046 4026 laudavit,
1073 3962 1201 4005 versum
1230 3941 1270 4004 77
1299 3941 1384 4006 idem

213 4133 335 4188 stathius
362 4152 389 4203 p.
405 4139 481 4187 1373.
497 4139 539 4203 34,
570 4139 705 4203 166136,
734 4139 811 4188 1111.
827 4139 868 4190 53.
914 4132 988 4188 Vide
1007 4132 1207 4188 Grassmanum
1233 4133 1264 4187 in
1286 4134 1383 4188 Kuhns

213 4221 346 4277 Zeitschr.
364 4223 384 4277 f.
403 4204 556 4294 indegerrir.
576 4223 687 4277 Forsch.
702 4223 754 4277 ΧΠ
766 4241 792 4292 p.
810 4230 868 4279 104.

303 4316 329 4379 1)
348 4311 392 4365 Ad
409 4316 491 4366 1517
511 4313 545 4367 cf.
564 4312 666 4368 Rzach.
686 4312 716 4366 in
735 4314 822 4382 symb.
838 4313 920 4383 Prag.
936 4313 973 4367 ad
987 4328 1110 4381 versum3
1130 4312 1179 4366 sed
1192 4328 1236 4366 res
1251 4311 1293 4367 ibi
1306 4312 1384 4366 haud

213 4398 256 4452 ita
274 4403 351 4453 certa
369 4403 412 4454 est
431 4401 493 4457 coll.
513 4400 657 4455 Eustathii
674 4400 768 4456 verbis
787 4401 853 4471 Hp.
869 4408 934 4472 214,
949 4407 983 4456 35
1002 4400 1102 4455 stalle.
1126 4399 1286 4468 Iulianique
1299 4400 1384 4455 Miso-

213 4503 278 4557 pog.
296 4506 324 4557 p.
338 4494 418 4543 3476.
