3342 5168
422 384 465 439 Dc
482 383 592 438 Veteris
610 382 774 454 Interpratia
792 382 902 437 ratione
920 380 1133 453 interpretandi.
1317 381 1358 445 27

190 550 296 615 είπείν
319 545 493 632 σφέτερον·
536 548 574 612 τὸ
598 548 661 632 γὰρ
684 557 792 631 σφών,
815 546 940 630 αὐτῶν,
968 547 1005 611 τὸ
1029 543 1066 612 δὲ
1089 543 1156 629 ἑὸν,
1178 545 1282 611 αὐτοῦ
1304 561 1361 629 ση-

190 659 307 739 μαίνει.
350 652 535 738 μέμφονται
564 650 601 719 δὲ
627 655 687 718 τὸν
711 651 870 720 Ἡσίοδον
897 654 932 718 οί
960 652 1035 739 περὶ
1056 651 1289 735 Ἀπολλώνιον,
1311 651 1361 717 ὅτι

191 760 288 849 ἑνικῷ
323 759 398 826 ἀντὶ
425 770 485 827 τοῦ
511 766 742 844 πληθυντικοῦ
770 759 945 844 ἐχρήσατο,
978 760 1099 844 ὁμοίως
1126 754 1163 823 δὲ
1190 757 1245 824 καὶ
1272 760 1362 824 Καλ-

190 871 326 952 λίμαχος
349 869 492 932 αίτιᾶται
515 867 571 931 διδι
593 869 631 932 τὸ
655 866 746 932 αὐτό.
786 865 883 950 Haec,
906 886 970 949 qua
993 868 1043 929 est
1066 865 1225 950 socordia,
1248 865 1362 930 Tactza

190 973 304 1039 Proclo
337 972 490 1038 attribuit
524 973 579 1061 (ad
605 996 634 1039 v.
658 973 700 1039 56
733 996 763 1057 p.
790 969 862 1059 82),
893 994 966 1037 oum
998 975 1107 1036 tamen
1138 972 1258 1037 distent
1290 975 1361 1036 toto

190 1081 279 1147 coelo
302 1080 530 1145 aProclianis:
554 1091 627 1156 τοῖς
649 1079 844 1164 ἀνθρώποις
865 1076 920 1143 καλ
939 1089 1010 1154 τοῖς
1027 1076 1284 1162 ὑποδεξαμένοις
1302 1077 1363 1161 τὴν

190 1191 325 1254 ἄνωθεν
351 1193 534 1253 κλαπεϊσαν
561 1187 672 1271 ψυχὴν
698 1184 754 1252 καὶ
783 1186 882 1271 δεῦρο
911 1193 1079 1250 πεσοῦσαν
1107 1185 1228 1250 δώσειν
1250 1186 1363 1267 κακόν,

189 1295 251 1377 την
279 1294 483 1378 Πανδώραν,
515 1294 590 1377 ἤτοι
618 1293 680 1375 τὴν
707 1293 832 1375 ἄλογον
858 1292 985 1376 ψυχήν,
1016 1285 1038 1377 ᾗ
1065 1290 1286 1377 τερπομένους
1313 1294 1363 1374 βι-

191 1403 339 1467 ώσεσθαι
361 1402 399 1466 τὸ
424 1399 551 1466 ἑαυτῶν
574 1398 769 1481 ἀγαπῶντας
787 1401 898 1466 κακόν.
937 1407 983 1486 τῷ
1006 1401 1093 1485 λόγῳ
1117 1398 1180 1483 γὰρ
1202 1397 1223 1480 ἡ
1246 1396 1363 1479 ἀλογία

192 1511 311 1592 κακόν,
340 1506 502 1590 ἀναγκαία
530 1503 567 1572 δὲ
596 1506 700 1590 ὅμως,
726 1506 782 1572 ’ίνα
810 1505 854 1589 μη
882 1504 1028 1570 αὐτόθεν
1055 1504 1076 1587 ἡ
1103 1504 1192 1590 ψυχὴ
1219 1511 1363 1589 κοινωνῇ

193 1624 239 1701 τῷ
262 1615 397 1697 σώματι.
434 1610 549 1697 Neque
572 1612 744 1696 quisquam
768 1611 940 1698 dubitabit,
963 1612 1043 1696 quin
1063 1611 1124 1676 hae
1148 1612 1214 1676 sint
1236 1614 1364 1675 tantum

192 1719 347 1803 reliquiae
371 1719 451 1783 satis
475 1719 573 1782 exiles
597 1718 786 1801 copiosioris
811 1718 889 1783 olim
911 1718 1197 1802 interpretationis.

281 1825 462 1890 Memoratu
486 1824 645 1908 imprimis
667 1825 878 1911 δεδώρησαι,
901 1824 988 1910 quod
1005 1846 1247 1908 nonnumquam
1260 1822 1364 1889 Vetus

192 1936 247 2000 ille
270 1933 379 1998 addito
397 1932 528 1997 nomine
547 1931 833 2018 grammaticorum
852 1931 945 1997 affert
964 1931 1119 2016 quasdam
1137 1934 1194 1996 aut
1211 1930 1364 1995 lectiones

192 2046 248 2107 aut
276 2038 526 2105 observationes.
572 2037 685 2103 Veluti
717 2037 813 2103 modo
844 2038 1024 2103 invenimus
1051 2059 1170 2104 nomen
1196 2035 1365 2121 Apollonii

193 2148 232 2213 ad
254 2170 282 2213 v.
302 2145 344 2212 58
368 2168 398 2229 p.
419 2146 470 2231 82,
493 2147 601 2210 exstat
622 2166 741 2210 nomen
759 2142 884 2209 Seleuci
907 2144 948 2209 ad
966 2167 994 2209 v.
1015 2145 1059 2209 94
1081 2168 1111 2229 p.
1134 2145 1207 2232 102,
1230 2141 1365 2209 Comani

193 2258 225 2320 et
252 2252 434 2318 Aristarchi
463 2253 503 2317 ad
530 2275 558 2318 v.
583 2253 623 2317 97
653 2275 682 2335 p.
712 2251 789 2336 103,
821 2249 1005 2316 Aristarchi
1037 2250 1077 2315 ad
1104 2274 1132 2316 v.
1152 2252 1217 2318 278
1240 2275 1271 2336 p.
1292 2251 1365 2336 186,

192 2360 324 2446 Didymi
347 2359 387 2424 ad
409 2382 438 2424 v.
458 2358 523 2424 302
547 2382 577 2443 p.
597 2358 664 2423 294
686 2361 744 2423 etc.
780 2356 821 2421 In
842 2357 1092 2442 interpretandis
1116 2358 1252 2444 singulis
1275 2379 1365 2422 voca·

193 2467 280 2532 bulis
313 2467 435 2530 multus
468 2469 552 2552 erat,
582 2487 623 2530 ne
656 2487 709 2530 aas
743 2464 872 2549 quidem
904 2465 1076 2530 omittebat
1105 2464 1365 2550 significationes,

194 2595 275 2658 quae
298 2594 365 2638 non
387 2572 423 2637 in
444 2571 552 2637 locum
573 2571 778 2655 propositum
800 2571 1016 2656 convenirent,
1039 2571 1166 2636 aliunde
1189 2575 1298 2636 tamen
1319 2571 1365 2635 in·

193 2681 394 2765 notuisscnt‚
425 2677 666 2762 Hesiodumque
698 2677 830 2741 omnino
863 2676 988 2742 solebat
1015 2699 1054 2741 ex
1081 2677 1205 2762 reliqua
1231 2699 1365 2761 poeseos

195 2786 334 2852 Graecae
356 2785 511 2849 memoria
531 2784 703 2848 illustrare.
741 2780 859 2848 Confer
877 2783 918 2847 ad
935 2806 964 2848 v.
984 2781 1027 2847 55
1046 2781 1090 2869 (p.
1111 2782 1182 2872 88):
1205 2786 1365 2867 γυιοκό-

195 2913 302 2979 ρους·
334 2893 393 2970 τδς
425 2895 473 2968 είς
499 2895 602 2977 κόρον
629 2889 774 2973 ἀγούσας
800 2890 840 2955 τδι
863 2901 942 2973 γυῖα
969 2890 1041 2972 ἢτοι
1065 2891 1122 2967 τδς
1144 2888 1238 2976 μέχρι
1262 2894 1365 2976 κόρον

196 3000 375 3077 ἐσθιούσας
393 2999 433 3064 τὰ
452 2997 547 3083 μέλη·
566 2996 587 3081 ἣ
605 2999 664 3075 τὰς
682 2998 865 3083 φροντίδας
882 2998 941 3073 τὰς
963 2998 1204 3074 κατεσθιούσας
1226 2999 1266 3062 τὰ
1284 2995 1364 3080 μέλη
1394 3019 1398 3025 ’

194 3119 265 3185 τοῖς
288 3104 470 3191 χρωμένοις
489 3106 656 3188 δηλονότι·
680 3103 701 3188 ἢ
720 3105 908 3189 μελεδώνας
925 3104 984 3181 τὰς
1001 3105 1188 3189 τρεφούσας
1205 3105 1243 3169 τὸ
1262 3115 1366 3189 σῶμα,

195 3215 279 3279 ὅθεν
302 3215 339 3279 τὸ
363 3215 553 3298 φροντίζειν
575 3209 650 3296 περὶ
674 3221 732 3295 τῆς
754 3214 908 3297 γαστρός·
932 3209 1065 3294 γυναικὶ
1089 3213 1151 3297 γδιρ
1173 3207 1273 3276 οὐδὲν
1290 3208 1366 3295 μέλ-

195 3326 245 3386 λει
268 3321 349 3386 ἄλλο
372 3317 393 3402 ἢ
416 3322 522 3403 μόνον
545 3320 582 3384 τὸ
602 3329 696 3403 σῶμα
714 3321 903 3402 κατακόρως
921 3316 1067 3404 τρέφειν,
1090 3316 1179 3402 tibur
1198 3321 1365 3383 παναίτιοι

195 3438 265 3503 τοῖς
283 3427 424 3511 ώνδρασι
443 3426 635 3512 φροντίδων
653 3428 726 3490 είσί.
762 3423 887 3500 Quibus
905 3446 972 3489 non
990 3424 1114 3511 dubito,
1132 3425 1211 3509 quin
1224 3423 1366 3489 addenda

196 3532 276 3618 sint,
304 3553 385 3617 quae
413 3531 621 3616 praecedunt:
650 3530 705 3597 καλ
733 3532 791 3608 τδς
817 3534 1016 3617 γυιοκόρονς
1043 3527 1080 3596 δὲ
1107 3533 1295 3616 μελεδώνας
1321 3530 1366 3607 ώς

196 3640 236 3703 τὰ
259 3650 337 3721 γυῖα
359 3641 556 3722 κοσμούσας.
592 3641 630 3705 τὸ
654 3640 717 3724 γὰρ
740 3650 876 3723 κοσμεῖν
898 3636 953 3704 καὶ
976 3639 1154 3704 καλλύνειν
1177 3639 1212 3704 ot
1231 3635 1366 3704 παλαιοὶ

196 3755 309 3828 κορεῑν
346 3746 472 3827 ἔλεγον·
509 3747 546 3811 τὸ
585 3742 622 3810 δὲ
655 3746 852 3833 διδασκῆσαι
884 3743 948 3809 ἀπὸ
980 3752 1040 3809 τοῦ
1073 3744 1218 3809 διδασκώ
1251 3741 1367 3826 γέγονε

196 3848 456 3934 περισπωμένου.
501 3849 564 3916 Vel
595 3851 635 3916 ad
661 3875 690 3916 v.
717 3851 782 3916 302
811 3848 855 3937 (p.
884 3847 977 3936 204);
1009 3851 1047 3914 τὸ
1079 3845 1140 3933 μὲν
1172 3849 1276 3935 ἀργὸν
1309 3853 1367 3934 ζῆν

197 3955 359 4041 ἑπόμενον
387 3958 452 4041 ἔχει
480 3960 593 4042 λιμόν,
620 3955 714 4024 τὸδ’
740 3954 903 4022 ἐθέλοντα
925 3956 969 4040 μὴ
993 3956 1182 4040 λιμώττων,
1209 3953 1283 4020 ἀντὶ
1306 3965 1366 4021 τοῦ

198 4062 393 4148 ἐργάζεσθαι
416 4064 591 4149 πράγματα
613 4062 770 4149 παρέχειν
792 4063 916 4146 ἄλλοις,
939 4063 994 4127 ἵνα
1019 4060 1082 4127 ἀπὸ
1101 4062 1229 4127 τούτων
1247 4060 1364 4147 τρέφη-

197 4194 260 4253 ται,
283 4179 432 4255 κηφῆνος
456 4172 555 4254 ἔργον
578 4167 646 4235 έστλ
664 4167 941 4254 κεκεντρωμένον,
964 4170 1001 4234 τὸ
1025 4165 1099 4252 μέλι
1119 4173 1367 4252 κατεσθίοντος,

197 4276 278 4341 ὅσον
309 4277 347 4342 at
376 4275 527 4360 μέλισσαι
559 4275 772 4359 συνάγουσιν.
821 4279 990 4361 κόθουρος
1022 4269 1085 4340 οὖν
1117 4274 1135 4341 δ
1166 4277 1291 4361 κηφήν,
1322 4275 1367 4351 ώς

196 4382 358 4467 κεύθερός
393 4407 443 4459 τις
480 4383 528 4448 bv
567 4380 622 4447 καλ
659 4384 696 4447 τὸ
733 4381 872 4467 κέντρον
910 4380 1136 4467 κεκρυμμένον
1174 4383 1271 4465 ἔχων·
1311 4378 1366 4446 καλ

196 4487 382 4573 παρέλαβεν
414 4490 516 4556 αὐτὸν
548 4490 593 4566 ὡς
624 4488 741 4575 ἀργόν·
778 4491 884 4574 μόνον
916 4488 979 4573 γὰρ
1011 4489 1048 4553 τδ
1082 4490 1165 4565 ξώον
1196 4496 1294 4556 τοῦτο
1326 4485 1367 4553 ού
